timestamp_utc_microseconds	price	size
1550379200807168.0	3594.76	0.04
1550379200811851.0	3594.85	0.04
1550379200812836.0	3594.85	0.09
1550379200815492.0	3594.95	0.01
1550379200817866.0	3595.0	0.24581798
1550379200821013.0	3595.0	0.002
1550379200822629.0	3595.0	0.05
1550379200825892.0	3595.02	0.001
1550379200828293.0	3595.06	0.02
1550379200830038.0	3595.08	0.008
1550379200831935.0	3595.16	0.024
1550379200834650.0	3595.16	0.00148179
1550379201663464.0	3595.16	0.01328822
1550379203778317.0	3594.45	0.0256
1550379203779269.0	3594.44	0.008
1550379203780153.0	3594.42	0.49869977
1550379208484129.0	3595.16	0.00922999
1550379208488875.8	3595.16	0.00560869
1550379208489835.0	3595.18	0.02
1550379208491424.0	3595.19	0.00161036
1550379208494785.0	3595.29	0.00161036
1550379208496200.0	3595.3	0.00161036
1550379208497787.0	3595.39	0.00161036
1550379208500116.0	3595.4	0.00161036
1550379208502302.0	3595.41	0.003
1550379208504251.0	3595.42	0.06056151
1550379210671667.0	3595.17	0.03377266
1550379213037394.0	3595.39	0.00559101
1550379223558790.0	3595.2	0.13306666
1550379223811272.2	3595.2	0.01328674
1550379225687229.0	3595.2	0.0069215
1550379225910963.0	3595.2	0.00733663
1550379228566577.0	3595.19	0.0069215
1550379230645611.0	3595.2	0.00996686
1550379231878240.0	3595.2	0.2658635
1550379233243619.0	3595.19	0.00996686
1550379234745444.0	3595.19	0.2658635
1550379236243231.0	3595.2	0.03725868
1550379240164206.0	3595.2	0.00221689
1550379245818476.0	3595.2	0.01190365
1550379257808197.0	3595.2	0.0029088
1550379266310158.0	3595.2	0.03752654
1550379267324949.0	3595.38	0.02555093
1550379267988524.0	3595.38	0.01992983
1550379270120278.0	3595.37	0.03
1550379270121148.0	3595.37	0.00752654
1550379284903071.2	3595.2	0.07132783
1550379285827309.8	3595.38	0.00650674
1550379289062270.0	3595.38	0.0029088
1550379289570615.0	3595.38	0.00710553
1550379299532558.0	3595.38	0.1330674
1550379302120445.0	3595.37	0.01
1550379302121536.0	3595.37	0.04
1550379302123013.0	3595.37	0.0830674
1550379306149471.0	3595.38	0.00493077
1550379306150462.0	3595.41	0.01499807
1550379306637910.8	3595.41	0.01328748
1550379306769510.0	3595.42	0.21837537
1550379306924450.0	3595.42	0.01328681
1550379307753890.0	3595.3	0.04
1550379307770717.8	3595.42	0.03983989
1550379308412607.0	3595.42	0.01992871
1550379308883229.0	3595.42	0.031756
1550379310966578.0	3595.42	0.05164034
1550379311922064.0	3595.42	0.00913551
1550379313765932.0	3595.41	0.45306078
1550379313767205.0	3595.39	0.01
1550379313769127.8	3595.19	0.53693922
1550379319373667.0	3595.4	0.0065064
1550379319945931.0	3595.41	0.05322692
1550379324190030.0	3595.38	0.02847459
1550379325188735.0	3595.19	0.11867728
1550379328230162.0	3595.2	0.05726467
1550379328690373.0	3595.42	0.00373886
1550379338478722.0	3595.41	0.04
1550379339985055.0	3595.42	0.03752425
1550379340240093.0	3595.41	0.001
1550379340241361.8	3595.2	0.02141839
1550379340243539.0	3595.2	0.007
1550379341534469.8	3595.41	0.04
1550379341535601.0	3595.19	0.06163164
1550379341538310.0	3595.19	0.05512124
1550379341978511.8	3595.4	0.0051226
1550379342432019.0	3595.42	0.079839
1550379347069923.2	3595.42	0.17298403
1550379352367169.8	3595.42	0.03991811
1550379360284825.0	3595.42	0.00195384
1550379369590659.8	3595.42	0.00318537
1550379375242341.0	3595.42	0.0056761
1550379375697331.0	3595.42	0.00539935
1550379377034334.0	3595.42	0.00650634
1550379378228937.0	3595.42	0.03991811
1550379378435967.0	3595.41	0.00539935
1550379384997758.8	3595.42	0.01716114
1550379387780424.0	3595.41	0.02565846
1550379388123769.0	3595.39	0.03592741
1550379391518742.0	3595.22	0.00719821
1550379394447605.2	3595.42	0.00373886
1550379396611406.0	3595.42	0.075
1550379397660826.0	3595.41	0.00373886
1550379399310849.0	3595.41	0.075
1550379402442211.8	3595.42	0.00650634
1550379403866649.0	3595.41	0.02158531
1550379404937711.0	3595.42	0.02661208
1550379418346522.0	3595.41	0.00573037
1550379420029552.0	3595.41	0.07202
1550379420272809.0	3595.41	0.022
1550379421045330.0	3595.42	0.0024935
1550379421049039.2	3595.42	0.02581504
1550379421412644.8	3595.41	0.87866432
1550379421416811.0	3595.24	0.008
1550379421418769.8	3595.23	1.0
1550379424726151.0	3595.15	0.010001
1550379424727191.0	3594.21	0.01581404
1550379426960481.2	3594.88	0.04
1550379426963555.0	3594.98	0.02
1550379426966824.0	3594.99	0.04
1550379426969264.0	3595.42	0.03715354
1550379426972989.0	3595.5	0.00161036
1550379426976697.0	3595.68	0.3
1550379426977568.0	3595.69	0.00161036
1550379426980778.0	3595.69	0.05045748
1550379427188816.0	3594.32	0.0257
1550379427189837.0	3594.32	0.008
1550379427190749.0	3594.31	1.0
1550379427191638.0	3594.23	0.02
1550379427194223.2	3594.14	0.01
1550379427195876.8	3593.99	0.06203
1550379427196906.0	3593.98	0.3
1550379427197870.0	3593.98	0.09377
1550379427403885.8	3595.68	0.3
1550379427405966.0	3595.68	0.19234002
1550379432146997.0	3595.68	0.01051919
1550379432948194.0	3595.37	0.00263206
1550379434292289.0	3595.34	0.01971695
1550379438243322.2	3595.39	0.01112803
1550379443596410.0	3595.68	0.00559101
1550379443597596.2	3595.69	0.04763562
1550379450746430.2	3595.68	0.00560672
1550379450749501.0	3595.68	0.01
1550379450750774.0	3595.58	0.00395891
1550379453677063.0	3595.69	0.00512222
1550379455095018.0	3595.69	0.0268453
1550379456349223.2	3595.68	0.00512222
1550379458313943.8	3595.68	0.09487778
1550379458318991.0	3595.68	0.01
1550379458320182.0	3595.68	0.04
1550379458321299.0	3595.68	0.0257
1550379458323423.2	3595.68	0.13612849
1550379458325413.0	3595.67	1.50773366
1550379458329493.0	3595.6	1.0
1550379458332290.0	3595.34	0.04
1550379458806728.8	3595.01	0.008
1550379458817506.0	3594.67	1.0
1550379458818714.2	3594.59	2.2
1550379459832165.0	3595.66	0.00166313
1550379461544742.0	3595.31	0.00401531
1550379463552248.0	3595.05	0.0257
1550379463553755.0	3595.04	0.72071999
1550379463554796.0	3595.0	0.23
1550379463556363.0	3594.5	0.008
1550379463559974.0	3594.49	1.0
1550379463561233.0	3594.49	0.00161036
1550379463570444.8	3594.01	0.315
1550379463572194.8	3593.97	0.81734
1550379468017014.0	3594.73	0.04
1550379468018862.0	3594.8	0.04
1550379468021461.0	3594.83	0.05633237
1550379469547642.0	3595.37	0.01328667
1550379470622937.0	3595.31	0.0197626
1550379476784131.0	3594.71	0.010001
1550379476785236.8	3594.95	0.069832
1550379480060575.0	3594.95	0.00249383
1550379483608749.0	3594.95	0.01328844
1550379488567169.0	3594.95	0.00512327
1550379488830640.0	3594.95	0.15926246
1550379488832401.0	3594.95	0.05
1550379488839214.0	3594.98	0.01
1550379488840232.2	3595.43	0.02
1550379488841143.0	3595.69	0.16993938
1550379488847081.0	3595.73	0.008
1550379488848029.0	3595.74	0.08279816
1550379490639632.0	3595.74	1.917
1550379490821568.0	3595.74	0.00020184
1550379490825744.8	3595.79	0.00161036
1550379490826923.2	3595.8	0.00161036
1550379490831010.8	3595.89	0.005
1550379490833659.0	3595.89	0.00161036
1550379490899603.0	3595.9	0.00161036
1550379490902794.8	3595.96	0.01
1550379490903686.0	3596.0	0.01511838
1550379490910083.0	3596.0	0.07327126
1550379491322166.0	3596.0	0.359
1550379491560736.0	3596.0	0.00086657
1550379491562834.0	3596.02	0.001
1550379491566494.0	3596.75	0.005
1550379491567746.2	3596.81	0.002
1550379491568772.0	3596.89	0.00442183
1550379494143411.8	3596.89	0.00057817
1550379494146128.0	3596.91	0.018
1550379494147223.0	3596.91	0.018
1550379494152092.0	3596.98	0.02
1550379494153047.0	3596.99	0.00160875
1550379494153965.0	3597.0	0.00160875
1550379494155385.0	3597.05	0.048
1550379494158766.0	3597.12	0.0015
1550379494159676.0	3597.19	0.02911059
1550379496076230.0	3597.18	0.40428289
1550379496079126.0	3597.18	1.0873773
1550379496082806.0	3597.18	0.76535981
1550379497387234.0	3597.18	0.14034243
1550379497949621.2	3597.19	0.00512327
1550379502143020.0	3597.19	0.01549266
1550379502144127.0	3597.19	0.01881263
1550379502852530.0	3597.19	0.01051483
1550379508985942.0	3597.18	0.00166137
1550379509982631.0	3597.19	0.05727216
1550379516715050.0	3597.18	0.02403863
1550379516719996.0	3597.18	0.02
1550379516722172.0	3596.88	0.57094694
1550379526539244.0	3597.13	0.00138582
1550379526801025.0	3597.13	0.0042209
1550379526803350.0	3597.13	0.0226132
1550379527348449.0	3597.13	0.0701068
1550379527350853.0	3597.13	0.04
1550379527353137.0	3597.13	0.34287254
1550379540238661.0	3597.12	0.010001
1550379540239652.0	3596.88	0.04534811
1550379542165195.0	3596.76	0.00553233
1550379554666810.0	3596.46	0.11989744
1550379555854559.0	3596.46	0.0055329
1550379556080502.0	3596.46	0.00346083
1550379557469684.0	3596.46	0.00138599
1550379559767088.2	3596.46	0.00595113
1550379569019582.0	3596.46	0.02633878
1550379569832804.0	3596.46	0.08
1550379570413274.0	3596.46	0.0143895
1550379571842158.0	3596.45	0.02633878
1550379572881104.0	3596.45	0.08
1550379578607112.0	3596.46	0.00373778
1550379590136672.0	3596.46	0.0845082
1550379594778131.0	3596.46	0.0083028
1550379596254017.0	3596.46	0.00553432
1550379596489043.0	3596.46	0.075
1550379598004141.0	3596.46	0.00512112
1550379601023311.8	3596.46	0.01378083
1550379611429230.0	3596.46	0.00290778
1550379611720947.0	3596.46	0.0691725
1550379614954571.0	3596.45	0.0691725
1550379617261707.0	3596.46	0.00567446
1550379620786067.0	3596.46	0.04205628
1550379637465391.0	3596.46	0.02660438
1550379639568951.8	3596.45	0.00521173
1550379641057638.2	3596.46	0.27260637
1550379644969061.8	3596.46	0.00456779
1550379647301494.8	3596.46	0.01383616
1550379648756142.0	3596.46	0.01328282
1550379655813639.2	3596.46	0.00512112
1550379658494241.0	3596.46	0.01328282
1550379662065360.0	3596.46	0.07901634
1550379662329095.0	3596.46	0.01
1550379673447404.0	3596.46	0.02656288
1550379675554765.0	3596.46	0.03990657
1550379680607218.0	3596.46	0.01899965
1550379686385028.0	3596.46	0.02527361
1550379686886353.0	3596.46	0.03990657
1550379688468787.0	3596.46	0.00650446
1550379689200703.8	3596.46	0.00512112
1550379690982613.0	3596.45	0.02527361
1550379692282826.0	3596.46	0.00677836
1550379692674718.8	3596.46	0.00913281
1550379693814030.2	3596.46	0.00968614
1550379696542410.8	3596.46	0.0070578
1550379697228883.0	3596.46	0.00249278
1550379697980377.0	3596.46	0.03800128
1550379698775213.0	3596.46	0.27233247
1550379700792302.0	3596.45	0.03800128
1550379705369481.0	3596.46	0.27272467
1550379709579084.0	3596.46	0.00539779
1550379709971154.0	3596.46	0.01663317
1550379711854444.0	3596.46	0.00700246
1550379715239017.0	3596.46	0.00193944
1550379717120691.0	3596.46	0.010001
1550379717121713.2	3596.46	0.003
1550379717124265.0	3596.46	0.00415517
1550379718790962.0	3596.46	0.04584483
1550379718792557.0	3596.46	0.02332767
1550379719117700.0	3596.46	0.06651372
1550379721324262.0	3596.45	0.02
1550379721637242.0	3596.45	0.06651372
1550379725698758.2	3596.46	0.00387888
1550379729179041.0	3596.46	0.00913281
1550379736174341.0	3596.46	0.02128406
1550379738657264.0	3596.46	0.02527361
1550379739626698.0	3596.45	0.02128406
1550379741691966.0	3596.46	0.02683955
1550379741956994.0	3596.46	0.02580758
1550379745190974.0	3596.46	0.00249278
1550379745822802.0	3596.46	0.01992285
1550379748063441.0	3596.46	0.05
1550379749361928.0	3596.45	0.00356053
1550379755809199.0	3596.46	0.00226101
1550379755813790.0	3596.46	0.01102181
1550379758620864.2	3596.45	0.01328282
1550379762061322.0	3596.46	0.00584993
1550379767075158.0	3596.45	1.89467856
1550379770674969.0	3596.45	0.01118034
1550379778012452.0	3596.46	0.00415002
1550379785745785.0	3596.46	0.05455531
1550379787872346.2	3596.46	0.03987832
1550379788669409.0	3596.45	0.056834
1550379789895630.0	3596.45	0.02787226
1550379793331115.0	3596.46	0.02376001
1550379793333011.0	3596.46	0.0072
1550379793333969.8	3596.46	0.06445167
1550379801245337.0	3596.45	0.55818304
1550379802250586.0	3596.46	0.01644833
1550379802253271.0	3596.46	0.01980069
1550379804445510.8	3596.46	0.00774947
1550379807125318.0	3596.46	0.00249278
1550379817456819.0	3596.46	0.00445706
1550379817457850.0	3596.46	0.0249928
1550379821485855.0	3596.46	0.00512112
1550379822363676.0	3596.46	0.02660438
1550379825094582.0	3596.45	0.08159917
1550379826272743.0	3596.46	1.36302909
1550379826615140.0	3596.45	0.02660438
1550379830661260.0	3596.46	0.02793515
1550379833197572.0	3596.46	0.04921921
1550379833606705.2	3596.45	0.02793515
1550379834540750.0	3596.46	0.02766679
1550379835103933.0	3596.46	0.00159084
1550379837075234.0	3596.46	0.13302744
1550379842578710.0	3596.45	2.0802234
1550379842579686.0	3596.45	0.08080254
1550379842581683.8	3596.45	0.00834156
1550379842585142.8	3596.45	0.010001
1550379842586055.0	3596.45	0.0118728
1550379842587347.0	3596.45	3.23539317
1550379846383718.0	3594.13	0.00553336
1550379857422099.0	3594.13	0.00913873
1550379857835651.0	3594.13	0.00274079
1550379863004655.0	3594.13	0.00595498
1550379868941699.0	3594.13	0.07846681
1550379871613875.0	3594.13	0.03516236
1550379873786622.0	3594.13	0.01578306
1550379875318318.0	3594.13	0.00111016
1550379876855786.8	3594.13	0.00858503
1550379876899605.0	3594.13	0.01993577
1550379881045998.0	3594.13	0.08305416
1550379888727787.0	3594.13	0.09756446
1550379888783382.0	3594.12	0.01375781
1550379891738614.0	3594.13	0.01329143
1550379893020295.0	3594.13	0.00512444
1550379897708124.0	3594.13	0.03993244
1550379898367877.0	3594.13	0.00374021
1550379901277517.0	3594.12	0.00374021
1550379904549841.0	3594.13	0.05988889
1550379904654111.0	3594.13	0.08572574
1550379904863638.2	3594.13	0.01578306
1550379905426009.0	3594.13	0.01329143
1550379908052400.0	3594.13	0.05324602
1550379908827926.0	3594.12	0.00820198
1550379908829149.0	3594.12	0.00508945
1550379909793998.0	3594.13	0.0072008
1550379911733076.0	3594.13	0.02824395
1550379930932115.0	3594.13	0.00913873
1550379933818086.8	3594.13	0.00249439
1550379934367741.0	3594.13	0.00507918
1550379937133030.2	3594.13	0.02662163
1550379939691577.0	3594.13	0.02528999
1550379940349878.8	3594.13	0.00650314
1550379940909531.0	3594.12	0.01491055
1550379940911532.0	3594.12	0.01171108
1550379942222586.0	3594.13	0.01107389
1550379943268978.8	3594.12	0.00650314
1550379944197977.0	3594.13	0.10436033
1550379946959076.0	3594.13	0.01329143
1550379950649933.0	3594.13	0.05457489
1550379953540621.0	3594.13	0.05321264
1550379953541970.0	3594.13	0.01019029
1550379953542860.0	3594.13	0.010001
1550379953543713.0	3594.13	0.5
1550379953544557.0	3594.13	0.5
1550379953545372.0	3594.13	0.00845131
1550379959185807.0	3594.13	0.05990143
1550379959712871.0	3594.13	0.02436809
1550379959935886.0	3594.13	0.00650868
1550379961008911.8	3594.12	0.01919686
1550379961009822.2	3594.12	0.03697249
1550379961879276.0	3594.13	0.01
1550379961883751.0	3594.13	0.04
1550379961884599.0	3594.13	0.00561192
1550379961885451.0	3594.13	0.02268459
1550379966559252.0	3594.14	0.01993577
1550379966702489.2	3594.14	0.00395686
1550379966703627.8	3594.14	0.00933457
1550379969222518.0	3594.14	0.011113
1550379970315955.2	3594.14	0.01467567
1550379975974053.8	3594.14	0.06819577
1550379977405130.2	3594.13	0.00301541
1550379977406260.0	3594.13	0.00213849
1550379979193430.2	3594.13	0.00402827
1550379983318086.8	3594.14	0.00832195
1550379983740382.0	3594.14	0.03993233
1550379983953879.0	3594.14	0.00650312
1550379995585040.0	3594.14	0.39933715
1550379996533387.0	3594.14	0.00832195
1550379997840112.0	3594.14	0.05324588
1550379998679400.0	3594.13	0.00109121
1550379998683669.8	3594.13	0.1
1550379998686720.0	3594.13	0.4762768
1550380006558673.2	3594.14	0.02009614
1550380009317961.0	3594.14	0.0212978
1550380009572215.0	3594.14	0.00725797
1550380009573140.2	3594.14	0.02069522
1550380013195552.8	3594.13	0.0212978
1550380016367216.0	3594.14	0.00650866
1550380021547853.0	3594.13	0.12676449
1550380023019914.2	3594.14	0.00540127
1550380025035655.0	3594.14	0.00111015
1550380035506138.0	3594.14	0.01003344
1550380038264666.0	3594.13	0.0103435
1550380039163407.0	3594.13	0.01003344
1550380042495724.0	3594.14	0.05324588
1550380045491555.0	3594.14	0.04346766
1550380050694062.0	3594.13	0.00998296
1550380061473619.0	3594.13	0.02788466
1550380071329867.0	3594.13	0.01336256
1550380071730104.0	3594.14	0.01356824
1550380072865749.0	3594.13	0.00527846
1550380073754391.0	3594.14	0.00269925
1550380073757582.0	3594.14	0.02768464
1550380073762750.8	3594.14	0.01558559
1550380073764444.8	3594.14	0.00278552
1550380073766588.0	3594.29	0.00239237
1550380075414647.0	3594.28	0.003
1550380075416360.8	3594.28	0.004
1550380075418636.8	3594.28	0.02494808
1550380080113157.0	3594.29	0.008
1550380080115345.0	3594.3	0.00529086
1550380080604035.0	3594.3	0.00111011
1550380081616027.0	3594.3	0.00949212
1550380083084650.0	3594.29	0.25147929
1550380085783539.0	3594.3	0.0274094
1550380086836622.0	3594.3	0.02182842
1550380088702510.0	3594.3	0.04152794
1550380090379347.0	3594.3	0.00277943
1550380093070366.0	3594.3	0.01329086
1550380101783710.0	3594.3	0.0042937
1550380106744447.0	3594.3	0.03327546
1550380109169944.0	3594.3	0.00249428
1550380112593193.0	3594.3	0.00913829
1550380121067977.0	3594.3	0.21270273
1550380123552461.0	3594.3	0.24145472
1550380124038194.0	3594.29	0.010001
1550380124043076.0	3594.29	0.0257
1550380124044203.0	3594.29	0.00725722
1550380124045244.0	3594.29	0.00161036
1550380124046164.0	3594.13	0.16813415
1550380127678892.0	3594.14	0.00561192
1550380127679850.0	3594.14	0.00767889
1550380130003530.0	3594.14	0.00272347
1550380132980525.0	3594.15	0.003
1550380132986364.2	3594.29	0.008
1550380132987419.0	3594.3	0.09548424
1550380133650828.8	3594.3	0.02366
1550380134100955.0	3594.3	0.09546901
1550380135688346.2	3594.29	0.0257
1550380135689777.0	3594.13	0.08078424
1550380136702209.0	3594.18	0.003
1550380136703862.0	3594.2	0.004
1550380136704864.0	3594.2	0.003
1550380136705982.0	3594.21	0.004
1550380136707381.0	3594.21	0.003
1550380136708923.0	3594.29	0.008
1550380136710912.0	3594.3	0.16134812
1550380139360339.2	3594.15	0.02662037
1550380139840680.0	3594.15	0.00908676
1550380139842991.0	3594.3	0.06145888
1550380147768751.8	3594.3	0.01003299
1550380153778054.0	3594.3	0.02582309
1550380159812400.0	3594.3	0.0011101
1550380160173029.0	3594.29	0.00167491
1550380163729522.0	3594.3	0.01993482
1550380165432577.0	3594.3	0.00941513
1550380165597009.0	3594.3	0.06655369
1550380170530267.0	3594.3	0.01329081
1550380173719623.0	3594.3	0.01164268
1550380181622517.0	3594.3	0.0051242
1550380182233178.8	3594.3	0.00692085
1550380183405838.0	3594.3	0.00650837
1550380191434689.0	3594.3	0.06819255
1550380191874822.2	3594.3	0.13869306
1550380193948268.0	3594.3	0.01993482
1550380195709986.0	3594.3	0.0067852
1550380196561588.0	3594.29	0.01993482
1550380197904845.0	3594.3	0.0051242
1550380201603950.0	3594.3	0.02048849
1550380202992558.0	3594.3	0.02662037
1550380204313710.0	3594.29	0.00409027
1550380204314941.0	3594.29	0.01639822
1550380205340484.0	3594.3	0.00954604
1550380207227439.2	3594.3	0.02662037
1550380208399599.0	3594.3	0.07320878
1550380224541003.0	3594.3	0.04845151
1550380246109999.0	3594.3	0.03802412
1550380250878804.0	3594.3	0.07986388
1550380255753921.0	3594.3	0.0011101
1550380265550177.8	3594.3	0.03327135
1550380270767432.0	3594.3	0.01384171
1550380273477664.0	3594.3	0.02129685
1550380276231953.8	3594.3	0.01259199
1550380276233630.2	3594.3	0.00725722
1550380276238466.0	3594.3	0.00411078
1550380279234676.8	3594.3	0.00188288
1550380282242030.2	3594.3	0.00400734
1550380282244056.0	3594.3	0.00651512
1550380294804261.0	3594.3	0.00794322
1550380296070978.0	3594.3	0.28218532
1550380297673613.0	3594.3	0.01109544
1550380300901732.0	3594.3	0.0011101
1550380303702345.0	3594.29	0.0011101
1550380309712855.0	3594.3	0.01423655
1550380310048035.8	3594.3	0.01437876
1550380312851642.0	3594.3	0.00249428
1550380320361568.0	3594.3	0.3194555
1550380321893502.0	3594.3	0.20195652
1550380322793965.0	3594.3	0.0107993
1550380329870472.0	3594.29	0.0245899
1550380329872006.0	3594.29	0.049
1550380329873505.0	3594.29	0.01092438
1550380331382996.0	3594.3	0.04658841
1550380334346456.0	3594.3	0.1363851
1550380335354743.0	3594.3	0.11021873
1550380337998132.0	3594.29	0.0011101
1550380339498994.8	3594.3	0.06921407
1550380342493942.0	3594.3	0.00775412
1550380346766804.0	3594.3	0.01993482
1550380354540887.0	3594.3	0.01578231
1550380354862023.0	3594.3	0.00944558
1550380361767943.0	3594.3	0.0051242
1550380362674843.0	3594.3	0.01052246
1550380365884808.0	3594.3	0.01520925
1550380369346247.0	3594.29	0.01520925
1550380370607681.0	3594.3	0.01855065
1550380376685671.0	3594.3	0.03221242
1550380377766567.0	3594.3	0.03354399
1550380380466742.0	3594.3	0.02021166
1550380386522374.0	3594.3	0.01329081
1550380389331247.0	3594.3	0.01109544
1550380396305254.0	3594.29	0.07275627
1550380396307031.2	3594.29	0.06887541
1550380397840884.0	3594.3	0.00249428
1550380397847246.2	3594.3	0.01993482
1550380400471094.8	3594.3	0.00699283
1550380411173161.0	3594.3	0.01439814
1550380421679959.0	3594.29	0.00925364
1550380421681007.2	3594.29	0.0051445
1550380421685598.2	3594.29	0.0205555
1550380421686797.2	3594.29	0.17560276
1550380421688819.0	3594.29	0.00719646
1550380424879503.0	3594.3	0.1
1550380430927919.0	3594.3	0.0051242
1550380447962038.0	3594.3	0.13310738
1550380448898911.0	3594.3	0.1363851
1550380459541333.0	3594.3	0.00775412
1550380461352319.0	3594.3	0.001
1550380461354958.0	3594.3	0.03969738
1550380461741643.0	3594.3	0.01162609
1550380461742902.0	3594.3	0.00925364
1550380461745205.2	3594.3	0.00707221
1550380466099072.0	3594.29	0.00131794
1550380473613063.0	3594.3	0.01329081
1550380474420467.8	3594.3	0.0011101
1550380475148516.0	3594.3	0.01329081
1550380475497501.0	3594.29	0.12911376
1550380475498558.0	3594.29	0.43794768
1550380475499470.0	3594.29	0.22258208
1550380475500356.0	3594.29	0.32777984
1550380475501228.8	3594.29	0.0257
1550380475502094.0	3594.29	0.010001
1550380475502969.0	3594.29	0.09
1550380475503852.0	3594.29	0.09
1550380475504727.8	3594.29	0.05
1550380475510062.0	3594.13	0.008
1550380475510934.0	3594.13	0.1
1550380475511817.0	3594.12	3.65999151
1550380475512764.0	3594.11	0.55995374
1550380479304936.0	3594.02	0.38023325
1550380496728334.0	3594.3	0.05590388
1550380500776539.0	3594.3	0.08183217
1550380502754036.0	3594.3	0.01384171
1550380505899030.0	3594.3	0.07320878
1550380507000829.0	3594.3	0.00318636
1550380508234271.0	3594.29	0.2251673
1550380509990516.0	3594.29	0.00561167
1550380509992128.0	3594.29	0.01060333
1550380511991876.0	3594.3	0.00803096
1550380520286468.0	3594.3	0.4044257
1550380520774664.2	3594.29	0.06151577
1550380521074996.0	3594.3	0.34980651
1550380521075883.8	3594.3	0.34487857
1550380522013999.0	3594.3	0.7338097
1550380522843907.0	3594.3	0.77631056
1550380523478373.0	3594.31	0.64758171
1550380524196115.0	3594.31	0.81276445
1550380524927949.0	3594.31	0.82440112
1550380525885493.0	3594.31	0.80280365
1550380526973213.2	3594.31	0.69802087
1550380527358611.8	3594.31	0.20768765
1550380528671122.0	3594.31	0.21699337
1550380531278288.2	3594.3	0.076
1550380532662644.8	3594.31	0.02662029
1550380533202529.0	3594.31	0.01467494
1550380536579288.0	3594.31	0.00138417
1550380539914497.2	3594.31	0.06655351
1550380540409098.2	3594.31	0.02662029
1550380540686377.0	3594.31	0.0307285
1550380543733842.8	3594.3	0.0307285
1550380546440293.0	3594.31	0.00913827
1550380549182743.0	3594.31	0.01441194
1550380552044828.0	3594.31	0.00138694
1550380552861751.0	3594.3	0.13951068
1550380555491967.0	3594.3	0.00138694
1550380556945633.0	3594.31	0.02129679
1550380561840402.0	3594.3	0.00613758
1550380565160888.2	3594.31	0.01052244
1550380569124489.0	3594.31	0.00249427
1550380570961969.0	3594.31	0.0227031
1550380578642318.0	3594.3	0.08515437
1550380587406916.0	3594.31	0.03993044
1550380589813571.0	3594.3	0.00782926
1550380593581396.0	3594.31	0.05856686
1550380596052983.0	3594.31	0.00595469
1550380606323772.0	3594.31	0.00540102
1550380607399760.0	3594.3	0.00582265
1550380611118889.0	3594.3	0.78701616
1550380611121971.2	3594.3	0.21233275
1550380626707722.2	3594.31	0.00332477
1550380630554128.0	3594.31	0.0033994
1550380635563849.0	3594.31	0.0077541
1550380637476004.0	3594.31	0.00650835
1550380640855747.0	3594.31	0.04019246
1550380641119558.0	3594.3	0.0257
1550380641123138.2	3594.3	0.00161036
1550380641124094.0	3594.3	0.19132168
1550380644013017.0	3594.31	0.02795186
1550380651491634.8	3594.31	0.00249427
1550380652187940.0	3594.31	0.04019246
1550380654875527.0	3594.3	0.04019246
1550380655909860.0	3594.31	0.00290952
1550380662036535.0	3594.31	0.02048844
1550380662241154.0	3594.31	0.00712292
1550380664239364.2	3594.31	0.01329077
1550380665269086.0	3594.31	0.00512419
1550380668365674.0	3594.31	0.02503958
1550380668849568.8	3594.31	0.01329077
1550380677807809.0	3594.31	0.01064978
1550380683043513.0	3594.31	0.02475721
1550380683391830.0	3594.3	0.00843511
1550380684521503.0	3594.31	0.09982887
1550380686062829.0	3594.31	0.03460694
1550380693388024.0	3594.3	0.76005075
1550380693389249.0	3594.3	0.0257
1550380693390262.0	3594.29	0.15
1550380693392419.8	3594.14	0.008
1550380693393390.0	3594.13	0.50626489
1550380700117582.0	3594.14	0.010001
1550380700119155.2	3594.14	0.00328977
1550380713048069.0	3594.15	0.003
1550380713049025.0	3594.15	0.03769727
1550380720750527.8	3594.15	0.06230273
1550380720753360.0	3594.31	0.07408199
1550380721762398.0	3594.22	0.003
1550380721764033.0	3594.22	0.004
1550380721765367.0	3594.31	0.1261116
1550380728193318.0	3594.15	0.0257
1550380728198468.0	3594.14	0.008
1550380728200311.0	3594.13	0.32114978
1550380729067427.8	3594.14	0.003
1550380729075883.8	3594.15	0.003
1550380729077150.0	3594.18	0.00784179
1550380737359947.0	3594.31	0.01329089
1550380737514172.0	3594.31	0.02662042
1550380739527153.0	3594.31	0.0110766
1550380741251227.0	3594.3	0.01329089
1550380742499856.0	3594.31	0.00623152
1550380752619305.2	3594.31	0.00374002
1550380754375020.0	3594.31	0.13638472
1550380755876124.0	3594.3	0.01240911
1550380755877770.0	3594.3	0.03834
1550380755881906.0	3594.3	0.08906329
1550380759099167.0	3594.28	0.003
1550380759102352.8	3594.31	0.00350835
1550380760062982.0	3594.3	0.004
1550380760064736.0	3594.3	0.003
1550380760065894.8	3594.31	0.09948395
1550380767407977.8	3594.3	0.003
1550380767409168.0	3594.3	0.004
1550380767410876.0	3594.31	0.01380392
1550380769135334.0	3594.3	0.004
1550380769136308.0	3594.3	0.003
1550380769137244.0	3594.31	0.07646527
1550380772331596.2	3594.3	0.004
1550380772332569.0	3594.3	0.0019547
1550380782476496.0	3594.3	0.0010453
1550380782492395.0	3594.31	0.02581032
1550380784959574.0	3594.3	0.004
1550380784961655.2	3594.3	0.003
1550380784962598.0	3594.31	0.00629077
1550380787989945.0	3594.3	0.004
1550380787994009.0	3594.3	0.003
1550380787994985.8	3594.31	0.04091709
1550380790156933.0	3594.31	0.03174451
1550380790899163.0	3594.31	0.01329079
1550380792751221.2	3594.31	0.00650837
1550380800097458.0	3594.31	0.05453894
1550380801523402.0	3594.31	0.01052246
1550380805380421.2	3594.3	0.010001
1550380805381928.0	3594.3	0.00052146
1550380808954690.0	3594.3	0.0034666
1550380809799016.0	3594.31	0.0268556
1550380813278214.0	3594.3	0.00321279
1550380814176498.0	3594.31	0.1
1550380814181497.0	3594.31	0.25
1550380815859493.0	3594.31	0.04658828
1550380817898038.2	3594.3	0.01849915
1550380817901280.2	3594.13	0.0422365
1550380820098646.2	3594.29	0.0077541
1550380820905539.0	3594.29	0.02971531
1550380829431842.0	3594.29	0.01121452
1550380836373503.0	3594.29	0.05131607
1550380836375727.0	3594.31	0.01044579
1550380837283416.0	3594.15	0.003
1550380837287536.0	3594.31	0.01139818
1550380837980512.0	3594.24	0.003
1550380837981508.0	3594.27	0.004
1550380837982401.8	3594.27	0.003
1550380837984515.0	3594.31	0.04453924
1550380844377491.0	3594.15	0.003
1550380844379203.8	3594.31	0.18201632
1550380844436291.0	3594.31	0.01052249
1550380861869481.0	3594.29	0.01845473
1550380864876105.0	3594.3	0.003
1550380864877178.0	3594.3	0.004
1550380864878067.0	3594.3	0.02228351
1550380865307964.0	3594.29	0.00724527
1550380865309819.0	3594.14	0.14
1550380865313367.0	3594.13	0.63661372
1550380865314290.0	3594.04	0.01
1550380865316069.0	3594.02	0.008
1550380865317233.0	3594.01	0.001018
1550380865321735.8	3594.01	0.56733025
1550380868084417.0	3594.03	0.003
1550380868086345.0	3594.03	0.010001
1550380868090911.8	3594.03	0.086999
1550380872519394.8	3594.04	0.00249428
1550380873876938.0	3594.04	0.00050572
1550380873878021.0	3594.04	0.003
1550380873879860.0	3594.04	0.00065537
1550380881809990.0	3594.04	0.00234463
1550380881813841.0	3594.3	0.00111882
1550380884824741.2	3594.05	0.003
1550380884829170.0	3594.05	0.05024736
1550380888121450.0	3594.3	0.02662229
1550380893220301.8	3594.23	0.0257
1550380893222306.0	3594.21	0.01764215
1550380894181591.0	3594.3	0.00538758
1550380895209251.0	3594.29	0.04069727
1550380901274802.0	3594.31	0.01
1550380913075744.8	3594.31	0.13283848
1550380915903960.0	3594.3	0.0257
1550380915906692.0	3594.3	0.10713848
1550380917650508.0	3594.31	0.0119066
1550380918910442.0	3594.31	0.0077541
1550380926820035.0	3594.31	0.01022069
1550380931839225.0	3594.31	0.00290952
1550380932698419.8	3594.31	0.00567785
1550380937921409.0	3594.31	0.00249427
1550380944169906.2	3594.31	0.00650835
1550380944731342.0	3594.31	0.00383625
1550380953752034.0	3594.31	0.00374002
1550380957579344.0	3594.3	0.00374002
1550380961159739.0	3594.31	0.0041525
1550380963945466.0	3594.3	0.0041525
1550380974837729.0	3594.31	0.01384444
1550380984370761.0	3594.31	0.13638472
1550381001827261.0	3594.31	0.02768333
1550381009446945.0	3594.31	0.0019406
1550381013571302.0	3594.31	0.54553887
1550381023128536.0	3594.31	0.02464094
1550381031961304.0	3594.3	0.04456552
1550381037089548.0	3594.31	0.01329077
1550381039606189.0	3594.3	0.01329077
1550381041302712.0	3594.31	0.03860164
1550381054871546.0	3594.31	0.0011101
1550381058340350.0	3594.31	0.00512419
1550381059780621.0	3594.31	0.40915415
1550381060053527.0	3594.31	0.00263269
1550381061247264.2	3594.31	0.02662029
1550381064567018.0	3594.3	0.1986926
1550381065875605.0	3594.31	0.00138694
1550381066114538.2	3594.31	0.0077541
1550381068481819.8	3594.31	0.04791708
1550381068643024.0	3594.3	0.0077541
1550381071127677.0	3594.3	0.04791708
1550381081354143.8	3594.31	0.02650138
1550381083794015.0	3594.31	0.01052244
1550381084052075.8	3594.3	0.02650138
1550381087298687.0	3594.31	0.01329077
1550381090157503.0	3594.31	0.06655351
1550381102195414.0	3594.3	0.05171932
1550381104291532.0	3594.31	0.07986365
1550381106790240.0	3594.31	0.13869267
1550381113592642.0	3594.31	0.02800169
1550381114663384.0	3594.3	0.49452823
1550381114668321.2	3594.3	0.0257
1550381114670500.0	3594.3	0.23342905
1550381117314675.0	3594.31	0.03327537
1550381122013728.8	3594.31	0.0180787
1550381122017619.0	3594.31	0.0431513
1550381122966152.0	3594.31	0.08183194
1550381123203322.2	3594.31	0.00650835
1550381127193714.2	3594.31	0.05453894
1550381127487633.0	3594.3	0.06123
1550381128609348.0	3594.31	0.00567785
1550381132332240.0	3594.31	0.10829162
1550381132334526.0	3594.31	0.42170838
1550381135114443.0	3594.3	0.29751182
1550381137820011.0	3594.31	0.04791708
1550381139239326.0	3594.3	1.09889234
1550381143669945.0	3594.31	0.03327537
1550381144533917.0	3594.3	0.00695406
1550381145437150.0	3594.31	0.06788507
1550381147917300.0	3594.31	0.01092248
1550381147918561.0	3594.31	0.00291919
1550381148254446.0	3594.3	0.0257
1550381148255446.2	3594.3	0.010001
1550381148257364.0	3594.3	0.03218407
1550381149099669.0	3594.31	0.01661277
1550381151787420.0	3594.31	0.01578227
1550381152042296.2	3594.3	0.01661277
1550381153267995.0	3594.31	0.00278274
1550381153325453.0	3594.31	0.03327537
1550381153533975.0	3594.31	0.07986365
1550381154878228.0	3594.31	0.11052771
1550381157330435.0	3594.3	0.03327537
1550381158998885.8	3594.31	0.01329077
1550381178312443.0	3594.31	0.0077541
1550381182815550.0	3594.79	0.00365946
1550381183794859.0	3594.76	0.12138312
1550381187365234.0	3594.76	0.01661277
1550381192481614.0	3594.76	0.00553596
1550381194931866.0	3594.76	0.00356395
1550381201931026.0	3594.76	0.00373955
1550381204467278.0	3594.75	0.00373955
1550381207459925.0	3594.76	0.01328911
1550381210119983.0	3594.75	0.01328911
1550381219792653.8	3594.76	0.01273551
1550381226611676.0	3594.76	0.12545901
1550381228416513.2	3594.76	0.0346026
1550381231824643.0	3594.76	0.00194036
1550381238213385.8	3594.76	0.00787769
1550381239213516.0	3594.76	0.01328911
1550381240512840.0	3594.76	0.13636764
1550381243259056.0	3594.75	0.00867134
1550381243260071.0	3594.75	0.00461777
1550381250044071.2	3594.75	0.00167749
1550381257676896.0	3594.76	0.0265014
1550381259445819.8	3594.76	0.02602185
1550381262795405.2	3594.76	0.03136544
1550381263772172.0	3594.76	0.06654517
1550381267830778.0	3594.76	0.0143963
1550381272873816.0	3594.76	0.00110996
1550381276173358.0	3594.75	0.00110996
1550381277429376.8	3594.76	0.05207967
1550381282428959.0	3594.76	0.00650754
1550381282934417.0	3594.76	0.00318595
1550381284976876.0	3594.76	0.05453211
1550381287366889.0	3594.76	0.00830673
1550381292863332.0	3594.76	0.01328911
1550381295741246.0	3594.75	0.01328911
1550381297138541.0	3594.76	0.07985366
1550381300098614.0	3594.75	0.00279071
1550381300099622.0	3594.75	0.0257
1550381300100589.0	3594.75	0.05136295
1550381306328104.0	3594.76	0.06787658
1550381310013949.0	3594.76	0.01910188
1550381310480818.0	3594.76	0.02715395
1550381310905063.2	3594.76	0.00512354
1550381312349252.0	3594.76	0.00235556
1550381315344377.0	3594.75	0.00235556
1550381316702141.0	3594.75	0.06654316
1550381322271184.0	3594.76	0.15970731
1550381324159238.0	3594.76	0.02661696
1550381326628984.0	3594.75	0.0257
1550381326632537.0	3594.75	0.00091696
1550381332591164.0	3594.76	0.00180196
1550381335248854.0	3594.75	0.00180196
1550381337736549.2	3594.76	0.00650754
1550381356890951.8	3594.76	0.00249396
1550381362376734.0	3594.76	0.01328911
1550381366879552.8	3594.76	0.00650754
1550381374420815.0	3594.76	0.02528556
1550381380367440.0	3594.76	0.04125685
1550381382508166.0	3594.76	0.05297397
1550381388722071.2	3594.75	0.0472755
1550381390632609.8	3594.76	0.00290915
1550381395101750.0	3594.76	0.00512354
1550381395104056.0	3594.76	0.00650754
1550381395105367.0	3594.76	0.05323669
1550381395169055.0	3594.75	0.05323669
1550381398219097.2	3594.76	0.0143963
1550381402573094.8	3594.76	0.57114612
1550381402575137.0	3594.76	0.38342739
1550381411362854.0	3594.76	0.00561167
1550381411365708.0	3594.76	0.12992024
1550381411367703.0	3594.76	0.010001
1550381411368651.8	3594.76	0.18093586
1550381411371659.0	3594.76	0.1940774
1550381411373884.0	3594.76	0.15043386
1550381411374730.0	3594.76	0.13181153
1550381411380751.8	3594.76	0.1014495
1550381411381755.0	3594.76	0.11925595
1550381411382679.0	3594.76	1.59693962
1550381411944069.0	3594.78	0.0054557
1550381413850218.0	3594.78	0.01328911
1550381416436451.0	3594.77	0.01328911
1550381420157908.0	3594.78	0.00512354
1550381420205616.0	3594.78	0.01328911
1550381422525503.0	3594.77	0.01241089
1550381422528054.0	3594.77	0.17021624
1550381423544258.0	3594.77	0.00512354
1550381425603886.8	3594.78	0.00263234
1550381427549939.2	3594.78	0.00249394
1550381431580488.2	3594.78	0.10647003
1550381432425654.0	3594.78	0.01328911
1550381433458819.0	3594.78	0.02129401
1550381435089623.0	3594.77	0.01328911
1550381442744015.0	3594.78	0.00567711
1550381443630859.8	3594.78	0.00373953
1550381458572097.0	3594.78	0.00166355
1550381464727268.0	3594.77	0.03137111
1550381464728313.0	3594.77	0.010001
1550381464729201.0	3594.77	0.0257
1550381464730094.0	3594.77	0.1
1550381464731901.0	3594.77	0.00561371
1550381464732800.0	3594.77	0.04
1550381464734180.0	3594.77	0.51667135
1550381471726961.8	3594.78	0.25
1550381472518723.0	3594.78	0.0226254
1550381472730417.0	3594.78	0.03991871
1550381475569483.0	3594.78	0.00512352
1550381475628040.0	3594.77	0.03991871
1550381477531353.0	3594.78	0.22187927
1550381478319057.0	3594.77	0.00512352
1550381479388316.0	3594.77	0.44617076
1550381479389314.2	3594.77	0.49537924
1550381481850810.0	3594.78	0.02661681
1550381483610074.0	3594.78	0.01771779
1550381486386268.0	3594.77	0.01771779
1550381498107666.0	3594.78	0.00794216
1550381501128674.0	3594.78	0.27682483
1550381509905009.0	3594.78	0.015
1550381518392821.0	3594.78	0.05453181
1550381521744975.0	3594.78	0.39926606
1550381523590940.0	3594.78	0.05453181
1550381525651692.0	3594.77	0.00798221
1550381525652651.0	3594.77	0.05
1550381525653534.0	3594.77	0.00834546
1550381525654482.2	3594.77	0.33293839
1550381535943052.0	3594.78	0.00553594
1550381540097981.0	3594.78	0.01328903
1550381545934482.0	3594.78	0.13636689
1550381548389325.0	3594.78	0.33272125
1550381555599991.0	3594.78	0.00567711
1550381557943704.0	3594.77	0.0257
1550381557946133.0	3594.77	0.03957629
1550381564732675.0	3594.02	0.010001
1550381564733655.0	3594.02	0.00439522
1550381569106839.2	3594.47	0.00233617
1550381572506801.0	3594.46	0.00561371
1550381572510934.0	3594.46	0.00288834
1550381573192041.0	3594.78	0.13636689
1550381583852504.0	3594.6	0.00373953
1550381594694852.0	3594.6	0.00512377
1550381596880541.0	3594.6	0.00567739
1550381599555269.0	3594.6	0.05453454
1550381601669503.0	3594.6	0.03092477
1550381601670664.0	3594.6	0.00234791
1550381618848667.0	3594.6	0.06122506
1550381619108617.0	3594.6	0.02685344
1550381620369615.0	3594.6	0.00138682
1550381622067729.0	3594.6	0.02685344
1550381635318923.0	3594.6	0.04069399
1550381640821178.0	3594.6	0.02685344
1550381642994767.0	3594.6	0.00650783
1550381650292571.0	3594.6	0.02931152
1550381652434123.0	3594.6	0.01817347
1550381652435329.0	3594.6	0.0111076
1550381656923112.0	3594.6	0.00249407
1550381659409149.0	3594.6	0.015781
1550381660816683.0	3594.6	0.00111001
1550381661706890.0	3594.6	0.00950732
1550381661710934.0	3594.6	0.00627368
1550381666499689.0	3594.6	0.02661815
1550381667015494.8	3594.59	0.00161036
1550381667016415.0	3594.02	0.02525705
1550381669738842.0	3594.59	0.00561121
1550381669739980.0	3594.59	0.02100694
1550381669766077.0	3594.6	0.01661143
1550381672067107.0	3594.2	0.00545595
1550381674298463.0	3594.2	0.02685344
1550381678335263.0	3594.2	0.00111001
1550381680754991.0	3594.58	0.05323906
1550381681207301.8	3594.54	0.00249407
1550381683039341.0	3594.26	0.00561121
1550381683040410.0	3594.26	0.06628137
1550381685414207.0	3594.26	0.78647441
1550381685423628.8	3594.28	0.01
1550381685424740.0	3594.47	0.05
1550381685425708.0	3594.47	0.08
1550381685426550.8	3594.58	0.07352559
1550381686209185.8	3594.59	0.20861082
1550381686218223.0	3594.59	0.07189258
1550381688799091.0	3594.59	0.57939564
1550381688801158.0	3594.59	0.42060436
1550381693496355.0	3594.6	0.00111014
1550381694865414.2	3594.25	0.00111014
1550381704057285.0	3594.26	0.01107349
1550381714044643.0	3594.26	0.00656866
1550381714046489.0	3594.26	0.02028732
1550381714420194.0	3594.26	0.01107626
1550381718952775.0	3594.25	0.02458986
1550381718956230.2	3594.25	0.01946493
1550381733289732.0	3594.35	0.00858408
1550381734856314.0	3594.53	0.00263252
1550381735713487.0	3594.38	0.00858408
1550381736724918.0	3594.56	0.005
1550381747074888.0	3594.38	0.00913771
1550381764899122.0	3594.38	0.01363931
1550381769986827.0	3594.38	0.08038127
1550381777796068.0	3594.38	0.01329051
1550381786576086.0	3594.38	0.02848283
1550381792945452.0	3594.38	0.01329051
1550381795885280.2	3594.37	0.01329051
1550381812785336.0	3594.38	0.00512409
1550381816008816.0	3594.38	0.00188284
1550381818321698.0	3594.38	0.00216101
1550381823762634.0	3594.38	0.00955056
1550381832973090.0	3594.38	0.00650823
1550381836333433.0	3594.38	0.26618978
1550381836840834.0	3594.37	0.00650823
1550381838244585.0	3594.38	0.06055335
1550381838528549.0	3594.38	0.04392429
1550381845560477.0	3594.38	0.01190637
1550381846092344.0	3594.38	0.01190637
1550381850402298.0	3594.38	0.01467465
1550381865727718.8	3594.38	0.01329051
1550381868749140.0	3594.37	0.00590126
1550381868750028.8	3594.37	0.00738925
1550381886631417.0	3594.37	0.00261175
1550381886632514.0	3594.37	0.00060098
1550381887565263.0	3594.38	0.01329051
1550381891033889.0	3594.38	0.00650823
1550381909260747.0	3594.38	0.05324232
1550381914702468.8	3594.38	0.01329051
1550381925820630.0	3594.38	0.81829237
1550381932997092.0	3594.38	0.0121832
1550381936178616.0	3594.38	0.02661978
1550381938784668.0	3594.37	0.0257
1550381938786534.0	3594.0	0.00091978
1550381938790050.0	3594.0	0.045
1550381941708634.8	3594.37	0.00276372
1550381942092271.0	3594.37	0.00723728
1550381942093240.0	3594.37	0.00276272
1550381949778292.0	3594.37	0.01439782
1550381955325106.2	3594.38	0.02661985
1550381960696503.0	3594.38	0.00484727
1550381961182792.0	3594.38	0.02909494
1550381961183798.0	3594.6	0.03800558
1550381962462132.0	3594.58	0.008
1550381962464299.0	3594.59	1.0
1550381962468692.0	3594.6	0.16088428
1550381962469598.0	3594.78	0.74044948
1550381967294940.0	3594.77	0.008
1550381967295980.0	3594.78	0.0058414
1550381968683538.2	3594.41	0.00512409
1550381972545599.0	3594.41	0.01439622
1550381972881842.0	3594.41	0.01329051
1550381977863975.0	3594.4	0.00559222
1550381987325602.0	3594.41	0.13310331
1550381989308099.0	3594.41	0.04081301
1550381992570066.0	3594.4	0.02010778
1550381992572023.2	3594.4	0.02070523
1550381994430884.0	3594.4	0.00317915
1550381998080506.0	3594.41	0.00512404
1550381998706249.0	3594.41	0.03992933
1550381999423793.0	3594.41	0.02685486
1550381999717603.0	3594.41	0.01522818
1550381999987434.8	3594.4	0.00512404
1550382006073452.0	3594.41	0.02661955
1550382008862776.0	3594.4	0.00161036
1550382008863807.0	3594.4	0.02500919
1550382010671037.0	3594.41	0.06921195
1550382023406924.0	3594.41	0.02661955
1550382025425650.0	3594.41	0.01003269
1550382026485726.0	3594.4	0.02661955
1550382028459918.0	3594.41	0.00512404
1550382030390514.2	3594.41	0.07391798
1550382031386277.0	3594.4	0.00512404
1550382038120906.0	3594.41	0.00263261
1550382040169102.0	3594.4	0.00424722
1550382040170682.0	3594.4	0.010001
1550382040172253.8	3594.4	0.01254167
1550382045659312.0	3594.41	0.0494565
1550382048442635.0	3594.4	0.00745833
1550382048446277.8	3594.4	0.0257
1550382048447175.0	3594.0	0.01629817
1550382049321687.0	3594.76	0.00692064
1550382051696728.0	3594.77	0.06655165
1550382053291366.0	3594.78	0.006785
1550382053536936.0	3594.78	0.07161627
1550382054661659.0	3594.78	0.00263261
1550382062434708.0	3594.77	1.0
1550382062435711.0	3594.78	1.7418162
1550382062436673.2	3594.78	0.2
1550382062437622.0	3594.8	3.0
1550382062438523.0	3594.82	1.14830933
1550382068394371.0	3594.82	0.02661689
1550382074690596.0	3594.81	0.04868718
1550382078605789.0	3594.82	0.02685179
1550382080321544.0	3594.82	0.01439606
1550382087411201.0	3594.82	0.29545277
1550382095379080.0	3594.82	0.01636407
1550382097822622.0	3594.82	0.03992478
1550382100515408.0	3594.81	0.03992478
1550382102033403.0	3594.82	0.02661652
1550382103986156.0	3594.82	0.06654406
1550382108822825.0	3594.82	0.27276185
1550382108859275.0	3594.82	0.03194204
1550382112002678.8	3594.82	0.00512346
1550382115147656.0	3594.82	0.0602791
1550382119601343.8	3594.82	0.01052094
1550382119861243.0	3594.82	0.01328888
1550382124008069.0	3594.82	0.04683811
1550382125584442.0	3594.82	0.03801862
1550382126995419.0	3594.81	0.03991826
1550382128326046.0	3594.82	0.00650743
1550382131258548.0	3594.82	0.01328888
1550382140369253.8	3594.81	0.70892747
1550382143873910.0	3594.82	0.01052094
1550382146499591.0	3594.82	0.00830659
1550382152204977.0	3594.82	0.0279479
1550382156360093.0	3594.82	0.13308813
1550382160096727.0	3594.82	0.0124585
1550382163739430.2	3594.82	0.00567705
1550382167107681.0	3594.82	0.1
1550382169715349.0	3594.82	0.03194204
1550382171366160.0	3594.82	0.03
1550382175866928.8	3594.82	0.0532358
1550382177194061.0	3594.82	0.0545312
1550382178456143.8	3594.81	0.0257
1550382178458191.0	3594.81	0.01
1550382178460885.0	3594.81	0.0175358
1550382179937966.0	3594.82	0.00512346
1550382189928258.0	3594.82	0.01384247
1550382204678633.0	3594.82	0.00373949
1550382204684895.0	3594.82	0.18632116
1550382204745508.0	3594.81	0.0257
1550382204746425.8	3594.6	0.04174703
1550382204747358.0	3594.5	0.01
1550382204748265.0	3594.02	0.008
1550382204749179.0	3594.01	0.10087413
1550382219689997.0	3594.72	0.010001
1550382219698015.0	3594.82	0.12308741
1550382220502324.0	3594.72	0.00719961
1550382222742851.0	3594.71	0.00719961
1550382223683070.0	3594.72	0.01328916
1550382226260195.0	3594.72	0.00401639
1550382227458536.8	3594.72	0.00996763
1550382227787124.0	3594.72	0.00276802
1550382229188700.0	3594.71	0.00108476
1550382230130311.0	3594.72	0.00807499
1550382231422001.8	3594.71	0.01741563
1550382231424143.0	3594.02	0.008
1550382231430414.0	3594.01	0.19719368
1550382233359328.0	3594.53	0.00110998
1550382235724078.0	3594.8	0.00650761
1550382239978453.8	3594.71	0.02685207
1550382242247949.0	3594.71	0.00138398
1550382242547333.0	3594.71	0.07603737
1550382250335921.0	3594.71	0.03327083
1550382250627809.0	3594.71	0.03194221
1550382250908830.2	3594.71	0.02927944
1550382252155660.8	3594.71	0.00249399
1550382253302477.8	3594.71	0.0652145
1550382253479374.0	3594.7	0.0257
1550382253480959.0	3594.69	0.00161036
1550382253486283.0	3594.0	0.00596047
1550382257161500.0	3594.7	0.00161036
1550382257163641.0	3594.03	0.0257
1550382257165500.0	3594.02	0.008
1550382257169826.0	3594.01	0.02990414
1550382260091404.0	3594.71	0.00775324
1550382269046668.0	3594.71	0.00224676
1550382269047803.0	3594.71	0.01353375
1550382279443382.0	3594.71	0.0665461
1550382281302805.2	3594.7	0.0257
1550382281303926.0	3594.02	0.008
1550382281304885.8	3594.01	0.00916569
1550382285112930.0	3594.8	0.04125742
1550382294290458.0	3594.77	0.0494565
1550382298874268.0	3594.49	0.0257
1550382298875141.0	3594.49	0.0237565
1550382302801998.2	3594.5	0.00249393
1550382305214373.0	3594.5	0.08518266
1550382309716246.2	3594.5	0.00803051
1550382319762891.0	3594.5	0.01295795
1550382326529104.0	3594.5	0.00491278
1550382329413840.0	3594.5	0.02768025
1550382340743324.0	3594.5	0.0107987
1550382340991350.0	3594.5	0.02685418
1550382353742035.8	3594.5	0.02198846
1550382353743319.0	3594.5	0.00463043
1550382354033915.0	3594.5	0.01694407
1550382355282295.0	3594.5	0.40913253
1550382356382699.0	3594.5	1.0
1550382356383839.2	3594.52	0.01
1550382356385728.0	3594.69	0.008
1550382356387487.0	3594.7	1.39093666
1550382356388724.0	3594.78	1.0
1550382356392559.0	3594.8	2.95223497
1550382356393560.0	3594.82	0.46683329
1550382356594210.0	3594.82	0.02661889
1550382372360203.0	3594.82	0.00719941
1550382375482202.0	3594.82	0.00720218
1550382377741467.0	3594.82	0.00719941
1550382380631568.0	3594.82	0.01328888
1550382384931474.0	3594.81	0.01328888
1550382388890285.0	3594.82	0.07603526
1550382406853011.0	3594.82	0.00650743
1550382414544676.0	3594.82	0.01162812
1550382417931501.0	3594.82	0.27273074
1550382419205196.2	3594.81	0.00136098
1550382421209751.0	3594.82	0.11
1550382426294834.0	3594.82	0.00194033
1550382428607484.0	3594.82	0.00278455
1550382430965907.0	3594.82	0.01190491
1550382431490233.0	3594.82	0.0343363
1550382433834810.0	3594.81	0.01190491
1550382445852446.0	3594.82	0.00360109
1550382448554411.0	3594.81	0.00360109
1550382457226543.0	3594.81	0.01313302
1550382457227616.0	3594.81	0.0154804
1550382458205397.2	3594.82	0.01190491
1550382458214237.0	3594.82	0.00512346
1550382459269648.0	3594.82	0.00996735
1550382462013313.0	3594.82	0.00650743
1550382464138582.0	3594.81	0.0102196
1550382464140047.0	3594.81	0.010001
1550382464141439.0	3594.77	0.06129808
1550382464143085.0	3594.49	0.00161036
1550382464145661.8	3594.01	0.00379872
1550382468990653.0	3594.82	0.5236418
1550382475082587.0	3594.76	0.00318595
1550382476155539.0	3594.76	0.0332712
1550382478786914.0	3594.75	0.01034269
1550382479721686.8	3594.75	0.01535731
1550382479722821.0	3594.75	0.01
1550382479723708.8	3594.75	0.00791389
1550382479725019.0	3594.76	0.15
1550382480602416.0	3594.76	0.00249396
1550382483103654.0	3594.76	0.0494565
1550382483850268.8	3594.75	0.04193675
1550382493894123.0	3594.76	0.00775313
1550382500325708.8	3594.82	0.02661696
1550382503402167.0	3594.81	0.0257
1550382503403192.0	3594.81	0.00091696
1550382505505274.0	3594.55	0.01
1550382505507387.0	3594.55	0.0257
1550382505508891.0	3594.54	0.008
1550382505512138.2	3594.53	0.14599722
1550382507233670.0	3594.82	0.00650754
1550382512696341.0	3594.82	0.00283724
1550382513598041.0	3594.82	0.07985232
1550382519737596.0	3594.82	0.0031859
1550382528884772.0	3594.82	0.02186075
1550382535843675.0	3594.77	0.03194204
1550382538712572.0	3594.76	0.03194204
1550382545414540.0	3594.76	0.010001
1550382545417536.0	3594.76	0.01499481
1550382552011850.0	3594.82	0.02661652
1550382553584630.0	3594.82	0.06082905
1550382560826099.0	3594.82	0.02661652
1550382563449626.0	3594.81	0.00561086
1550382563450546.0	3594.81	0.02100566
1550382574054589.0	3594.82	0.02768218
1550382579892460.8	3594.81	0.00213321
1550382583135136.8	3594.82	0.01328888
1550382594523838.0	3594.82	0.0532358
1550382614132561.0	3594.82	0.01578003
1550382614369396.2	3594.82	0.0236908
1550382615813474.0	3594.81	0.01146264
1550382634823186.0	3594.82	0.00249391
1550382637312092.0	3594.82	0.01138454
1550382642258748.0	3594.82	0.00353189
1550382643197950.0	3594.82	0.00512346
1550382651811509.8	3594.82	0.02555086
1550382666170138.0	3594.82	0.02768218
1550382668871928.0	3594.82	0.00512346
1550382675661575.0	3594.82	0.09316058
1550382676773374.0	3594.82	0.1730129
1550382677538740.2	3594.82	0.35681891
1550382677539769.0	3594.82	0.17552806
1550382679256658.0	3594.81	0.010001
1550382679258040.0	3594.81	0.1630119
1550382681854429.0	3594.82	0.01190491
1550382692583965.0	3594.81	0.0393001
1550382695076572.2	3594.81	0.0133973
1550382697171733.0	3594.82	0.26617349
1550382700616787.0	3594.82	0.01578003
1550382705586867.0	3594.82	0.00249391
1550382709574543.0	3594.82	0.02661652
1550382712229716.0	3594.81	0.0257
1550382712230705.0	3594.81	0.00091652
1550382714362703.8	3594.82	0.02961973
1550382717914768.0	3594.82	0.04258754
1550382729071535.8	3594.82	0.00691985
1550382737132087.0	3594.81	0.01111597
1550382738177741.0	3594.82	0.007753
1550382743335360.0	3594.81	0.00240235
1550382745278900.8	3594.82	0.007753
1550382747346563.0	3594.82	0.05988993
1550382750931683.0	3594.82	0.00512346
1550382761701782.0	3594.82	0.007753
1550382763234756.0	3594.81	0.03019428
1550382767459090.0	3594.82	0.10909285
1550382774244316.0	3594.82	0.00512346
1550382774586231.0	3594.82	0.00512346
1550382774755593.0	3594.82	0.0138397
1550382777237731.0	3594.82	0.05535881
1550382777571945.0	3594.82	0.02661652
1550382778171822.0	3594.82	0.11894877
1550382778173616.0	3594.82	0.14
1550382778175830.2	3594.82	0.010001
1550382778177970.0	3594.98	0.02
1550382778180510.0	3594.99	0.008
1550382778190353.0	3595.0	0.23539492
1550382779132961.0	3595.0	0.01993194
1550382780680394.0	3594.99	0.55896121
1550382781645772.0	3595.0	0.01328888
1550382781934483.0	3595.0	0.00512346
1550382783682573.0	3595.0	0.00110994
1550382788096176.0	3595.0	0.00512346
1550382793121044.8	3595.0	0.0068171
1550382808236362.0	3595.0	0.00249379
1550382808978278.0	3594.99	0.00503213
1550382810116396.2	3595.0	0.05535604
1550382814438120.0	3595.0	0.0037393
1550382816342191.0	3595.0	0.01384178
1550382816814825.0	3594.99	0.0037393
1550382818368177.0	3594.99	0.05561341
1550382822224886.0	3595.0	0.02661519
1550382826826490.0	3595.0	0.01328822
1550382827150463.0	3595.0	0.01383901
1550382828120994.8	3594.99	0.0576503
1550382829822233.0	3594.99	0.01383901
1550382840148329.0	3595.0	0.00290896
1550382841131405.0	3595.0	0.00719905
1550382842078571.0	3595.0	0.00249379
1550382842639073.2	3595.0	0.02661519
1550382847421846.2	3595.0	0.00574596
1550382847506244.0	3595.0	0.01293394
1550382853473840.0	3595.0	0.61009995
1550382853476934.0	3595.0	0.002
1550382853477820.0	3595.0	0.01
1550382853479286.0	3595.25	0.02
1550382853482419.0	3595.26	0.001
1550382853485646.0	3595.29	0.00161036
1550382853487325.0	3595.3	0.00161036
1550382853489921.0	3595.4	0.00161036
1550382853492426.8	3595.49	0.00161036
1550382853495135.0	3595.59	0.2
1550382853497443.0	3595.59	0.00161036
1550382853502574.0	3595.7	0.00161036
1550382853504538.0	3595.79	0.00161036
1550382853505496.0	3595.79	0.008
1550382853508064.0	3595.8	0.08641338
1550382863082759.0	3595.8	0.02661519
1550382865720821.2	3595.79	0.02661519
1550382866771733.0	3595.79	0.04425332
1550382866788403.0	3595.8	0.01002881
1550382869894875.0	3595.8	0.00512206
1550382872858531.0	3596.3	0.0019398
1550382879792722.0	3596.3	0.0056755
1550382881763661.0	3596.3	0.02660926
1550382882503202.0	3596.3	0.01992651
1550382885169918.0	3596.29	0.01992651
1550382886218258.0	3596.3	0.02660556
1550382887283540.0	3596.3	0.1363282
1550382888202851.0	3596.3	0.00249289
1550382890001302.0	3596.3	0.01577354
1550382892340128.0	3596.3	0.02766802
1550382896072185.0	3596.3	0.07600396
1550382896283838.0	3596.3	0.02660556
1550382900780874.0	3596.3	0.13630925
1550382901245824.0	3596.3	0.04603491
1550382906572625.0	3596.3	0.0532139
1550382909751438.2	3596.29	0.01669457
1550382914481503.0	3596.3	0.03378541
1550382915006352.0	3596.3	0.01992374
1550382918912755.0	3596.3	0.02128501
1550382920616559.0	3596.3	0.2726185
1550382922633683.0	3596.3	0.07981946
1550382923171946.0	3596.3	0.07901985
1550382929864184.8	3596.3	0.07981946
1550382931309118.0	3596.3	0.0027668
1550382931584331.0	3596.3	0.01577354
1550382932675571.2	3596.29	0.07981946
1550382933971637.0	3596.3	0.00968657
1550382935968924.0	3596.3	0.00567471
1550382937271851.0	3596.3	0.00802649
1550382937912949.0	3596.29	0.00176356
1550382940662968.8	3596.29	0.09453629
1550382942218696.0	3596.3	0.2726185
1550382942625279.0	3596.3	0.01051661
1550382946595363.2	3596.3	0.01577354
1550382948842400.0	3596.3	0.00249289
1550382951671896.0	3596.3	0.00650475
1550382953644605.2	3596.3	0.06815462
1550382955750002.8	3596.3	0.01051661
1550382958883357.0	3596.3	0.00512135
1550382967349791.0	3596.34	0.001
1550382967351122.2	3596.39	0.02
1550382967353473.0	3596.4	0.04418585
1550382968841929.0	3596.4	0.00581415
1550382968843481.0	3596.46	0.02079141
1550382974116033.0	3596.46	0.01618856
1550382974164079.0	3596.45	0.00111785
1550382977892943.0	3596.46	0.05229394
1550382978453376.0	3596.46	0.11072609
1550382978454497.0	3596.49	0.02714649
1550382978458238.0	3596.49	0.001
1550382978459116.0	3596.56	0.02
1550382978459990.0	3596.79	0.008
1550382978460985.0	3596.8	0.36521058
1550382982827667.0	3596.8	0.01383339
1550382988195493.0	3596.8	0.02128406
1550382989244360.0	3596.8	0.03325548
1550382998427682.0	3596.8	0.03192445
1550383000756456.2	3596.8	0.05450118
1550383009989558.0	3596.8	0.00774873
1550383012146452.0	3596.8	0.08369093
1550383013767716.0	3596.8	0.15903038
1550383014362064.0	3596.8	0.14086185
1550383014922513.0	3596.8	0.13077867
1550383015650761.8	3596.8	0.12532206
1550383015651942.0	3596.8	0.06179638
1550383016544428.8	3596.8	0.23341242
1550383017402417.0	3596.8	0.3669458
1550383018682542.0	3596.8	0.02637259
1550383019798795.0	3596.8	0.04840581
1550383020779845.0	3596.79	0.14250563
1550383023055334.0	3596.8	0.01355821
1550383025586192.0	3596.98	0.01117691
1550383029736220.0	3596.99	0.00160875
1550383029738267.0	3597.0	0.00276336
1550383029741271.0	3597.08	0.02
1550383029742798.0	3597.14	0.00302925
1550383034199723.0	3597.13	0.02740136
1550383044367273.0	3597.14	0.0296
1550383054435871.0	3597.14	0.00913108
1550383057530699.0	3597.14	0.00823967
1550383057531829.0	3597.24	0.00504064
1550383058067256.0	3597.24	0.00650323
1550383060386210.0	3597.23	0.01328031
1550383061631896.0	3597.24	0.00249231
1550383076279859.0	3597.24	0.00996382
1550383076281193.0	3597.25	0.018
1550383076282199.0	3597.33	0.02
1550383076283095.0	3597.4	0.00160875
1550383076286671.2	3597.54	0.00016652
1550383076325589.2	3597.54	0.00783348
1550383076329271.0	3597.55	0.00655289
1550383091379608.8	3597.89	0.005
1550383091380668.0	3598.04	0.00150305
1550383093042830.0	3598.05	0.015
1550383093045523.0	3598.31	0.02
1550383093048846.0	3598.32	0.01949348
1550383095127909.0	3598.32	0.01327993
1550383097919195.0	3598.32	0.01328031
1550383105843351.8	3598.32	0.13295868
1550383110424616.0	3598.32	0.18990423
1550383111882002.8	3598.32	0.00511847
1550383115260640.2	3598.32	0.00677762
1550383120258061.0	3598.32	0.0054503
1550383130681674.0	3598.32	0.00691589
1550383136879378.8	3598.32	0.08908248
1550383141591142.0	3598.32	0.02682568
1550383159465570.0	3598.32	0.0065011
1550383162526337.0	3598.31	0.0065011
1550383164620561.0	3598.32	0.00138539
1550383165331534.0	3598.32	0.08519152
1550383165414894.8	3598.32	0.01327596
1550383166096724.0	3598.32	0.08751704
1550383166957019.8	3598.32	0.05202276
1550383167662639.2	3598.32	0.07554033
1550383168335041.0	3598.32	0.01545786
1550383169104526.0	3598.31	0.01327596
1550383170301955.0	3598.32	0.66478785
1550383175981014.0	3598.32	0.03416438
1550383184618309.0	3598.32	0.02765248
1550383187352498.0	3598.32	0.02659063
1550383187598217.0	3598.32	0.04014767
1550383190539999.0	3598.32	0.09306997
1550383190663945.0	3598.32	0.01051071
1550383193357287.0	3598.31	0.09306997
1550383196353030.0	3598.32	0.0121505
1550383196589086.0	3598.32	0.0585016
1550383196868406.0	3598.32	0.01189333
1550383198193566.0	3598.32	0.02526054
1550383199441911.0	3598.31	0.03958016
1550383202011010.0	3598.32	0.00346345
1550383203064844.0	3598.32	0.03988594
1550383205308131.0	3598.32	0.01051071
1550383206988444.8	3598.32	0.13623273
1550383208336207.0	3598.31	0.01051071
1550383210079902.0	3598.32	0.08855155
1550383211794515.2	3598.32	0.00561622
1550383214707376.0	3598.32	0.02659063
1550383216399629.0	3598.32	0.0065011
1550383219444527.0	3598.31	0.01117219
1550383220744570.0	3598.32	0.01327596
1550383221270642.0	3598.32	0.01
1550383223032971.2	3598.31	0.11640305
1550383228416722.0	3598.32	0.01355248
1550383228706050.8	3598.32	0.05447816
1550383230433400.0	3598.32	0.01272291
1550383230651172.2	3598.32	0.00511847
1550383231344634.0	3598.32	0.16941132
1550383237163163.2	3598.31	0.94073478
1550383237165326.0	3598.31	0.00905684
1550383237167049.0	3598.31	1.55289967
1550383243912157.0	3598.32	0.01438206
1550383244636834.0	3598.32	0.02659063
1550383245552394.8	3598.32	0.00373585
1550383246476665.0	3598.32	0.0102077
1550383247900946.2	3598.32	0.00774546
1550383250837366.0	3598.31	0.00774546
1550383268218650.0	3598.31	0.08295351
1550383271398643.0	3598.32	0.00567152
1550383277542487.0	3598.32	0.00746894
1550383278074614.0	3598.32	0.01631773
1550383281566716.0	3598.32	0.00691312
1550383286570053.8	3598.32	0.02278938
1550383287087584.0	3598.32	0.00110886
1550383287706493.8	3598.32	0.04520628
1550383292460645.0	3598.32	0.21171955
1550383293283842.0	3598.32	0.19110694
1550383294174663.0	3598.32	0.06700629
1550383294967110.8	3598.32	0.20451111
1550383295652684.0	3598.32	0.30702135
1550383296465024.0	3598.32	0.32999819
1550383297545123.0	3598.32	0.08260204
1550383297549393.0	3598.32	0.28584297
1550383298530020.0	3598.32	0.50090413
1550383299366100.0	3598.32	0.46723713
1550383300180886.0	3598.32	0.5182268
1550383300627001.0	3598.31	0.00189927
1550383301839680.2	3598.32	0.22778897
1550383301843050.0	3598.32	0.31031318
1550383302242187.0	3598.32	0.67271905
1550383302886219.0	3598.32	0.2
1550383304561321.0	3598.63	0.003
1550383304562804.0	3598.63	0.37310985
1550383305343376.0	3598.63	0.36369136
1550383306137075.0	3598.63	0.21137506
1550383310039496.2	3598.75	0.005
1550383310040694.0	3598.75	0.18317445
1550383311509773.0	3598.77	0.02129518
1550383313187809.0	3598.77	0.21271224
1550383314599902.8	3598.77	0.0508492
1550383316190890.0	3598.76	0.04
1550383316192076.0	3598.76	0.1301296
1550383316195565.0	3598.76	0.010001
1550383316199261.0	3598.76	0.03258164
1550383320753104.0	3598.77	0.17856463
1550383320758636.0	3598.78	0.018
1550383324690298.0	3598.89	0.005
1550383324734300.0	3598.93	0.03
1550383326162799.0	3598.94	0.02686961
1550383334368275.0	3598.94	0.00110867
1550383334454797.0	3598.94	0.28688977
1550383336512435.0	3598.94	0.4694727
1550383336781930.0	3598.93	0.00110867
1550383337303332.0	3598.94	0.39855741
1550383337933658.0	3598.94	0.19807838
1550383338722877.0	3598.94	0.08982304
1550383339601102.8	3598.94	0.0605729
1550383339604385.8	3598.94	0.0448068
1550383340677389.2	3598.94	0.01712132
1550383341206443.0	3598.94	0.10948166
1550383341931040.0	3598.94	0.02859022
1550383344923027.0	3598.99	0.001
1550383344924038.2	3599.0	0.00160714
1550383344924914.0	3599.0	0.12191861
1550383345945398.0	3599.0	0.03198099
1550383345947117.0	3599.0	0.25958717
1550383346198549.0	3599.0	0.01852674
1550383346545540.0	3599.0	0.35963577
1550383347440410.0	3599.0	0.34238218
1550383348051492.0	3599.0	0.01986814
1550383348057008.0	3599.0	0.15
1550383348058012.0	3599.0	0.46991999
1550383348709293.8	3598.99	0.01852674
1550383348850865.2	3599.0	0.89038318
1550383349407867.0	3599.0	0.47246345
1550383350116414.0	3599.0	0.16723338
1550383350117928.0	3599.0	0.09395709
1550383350124465.0	3599.01	0.001
1550383350126825.0	3599.02	0.02
1550383350129109.8	3599.03	0.005
1550383350130820.0	3599.05	0.022
1550383350702293.0	3599.19	0.00160714
1550383350703249.0	3599.4	0.11
1550383350705792.0	3599.5	0.15597863
1550383350708394.0	3599.6	0.001
1550383350710942.0	3599.68	0.001
1550383350713729.0	3599.8	0.00160714
1550383350717242.0	3599.8	0.005
1550383350718943.8	3599.85	0.018
1550383350723443.0	3599.88	0.16085
1550383350727015.0	3599.89	0.005
1550383350728485.8	3599.99	0.43995709
1550383366048664.0	3599.85	0.01617637
1550383376407877.0	3599.85	0.08382363
1550383376410032.0	3599.85	0.00561086
1550383376410999.0	3599.85	0.010001
1550383376411897.2	3599.85	0.09056451
1550383378101017.0	3599.85	0.00566911
1550383380475117.0	3599.85	0.00249043
1550383382324407.0	3599.85	0.00166121
1550383383536263.0	3599.85	0.02594
1550383383537349.0	3599.98	0.02
1550383383539246.0	3599.99	0.03380075
1550383385395496.2	3599.99	0.01327032
1550383396427216.0	3599.99	0.00373412
1550383397077616.0	3599.98	0.00956212
1550383399024634.0	3599.99	0.01050583
1550383399031602.8	3599.99	0.00774187
1550383402414024.0	3599.98	0.00635036
1550383406027749.0	3599.99	0.00594529
1550383406297467.0	3599.99	0.02500182
1550383406299713.2	3599.99	1.0
1550383406302002.0	3599.99	0.04
1550383406319161.0	3599.99	0.47901725
1550383408336851.0	3600.0	0.02657829
1550383408646612.0	3599.98	0.00594529
1550383413211668.0	3599.98	0.00753494
1550383414325806.2	3599.99	0.03986733
1550383419291586.0	3600.0	0.01575732
1550383420593172.0	3600.0	0.03986733
1550383421439659.0	3599.99	0.00995301
1550383424175107.0	3599.99	0.30991985
1550383427233438.0	3600.0	2.13602902
1550383427236812.0	3600.0	0.1
1550383427238817.0	3600.0	0.02
1550383427241200.0	3600.0	0.00506621
1550383427243324.0	3600.0	0.001
1550383427245586.8	3600.0	0.99230701
1550383427247900.0	3600.0	0.07907862
1550383427249953.0	3600.0	0.2
1550383427252174.2	3600.0	0.25
1550383427255087.0	3600.0	0.28237769
1550383427256397.0	3600.0	2.85781487
1550383432366097.0	3600.0	0.1003213
1550383433066168.0	3600.0	0.00912383
1550383439074862.0	3600.0	0.0770785
1550383449399453.0	3599.99	0.00833336
1550383455944097.0	3599.99	0.54467662
1550383464783120.0	3599.99	0.01990332
1550383465260009.0	3599.99	0.01575737
1550383467512936.8	3599.99	0.01852133
1550383467738621.0	3599.99	0.00692369
1550383468392177.8	3599.98	0.01575737
1550383470106756.0	3599.99	0.0247197
1550383470292938.0	3599.98	0.01852133
1550383471338623.0	3599.99	0.0034024
1550383475310928.8	3599.99	0.11077219
1550383475314953.8	3599.99	0.32952542
1550383475319389.0	3600.0	8.7406615
1550383475320280.0	3600.0	0.81904089
1550383481419298.0	3600.0	0.07824545
1550383481420215.2	3600.0	1.0
1550383481421101.0	3600.0	0.4
1550383481421986.8	3600.0	0.06
1550383481422867.0	3600.0	0.01
1550383481423763.0	3600.0	0.00372
1550383481424661.8	3600.0	0.002
1550383481425542.0	3600.0	0.04124544
1550383481426398.0	3600.0	0.001
1550383481427270.0	3600.0	0.13906616
1550383481428166.0	3600.0	0.01
1550383481430862.0	3600.0	0.005
1550383481431744.8	3600.0	0.2
1550383481432632.0	3600.0	8.04972295
1550383486435633.0	3600.02	0.01
1550383486436635.0	3600.02	0.00326976
1550383489554132.0	3600.12	0.01326976
1550383491610847.0	3600.13	0.01
1550383491615452.0	3600.13	0.1048392
1550383499484400.0	3600.13	0.00677422
1550383503581998.0	3600.13	0.0179706
1550383505268139.0	3600.13	0.00774157
1550383507629171.2	3600.12	0.27916434
1550383514904811.0	3600.13	0.02737602
1550383516033508.0	3600.13	0.06113102
1550383519762076.8	3600.12	0.02737602
1550383520749225.0	3600.13	0.1116267
1550383521840451.0	3600.13	0.07707571
1550383536353123.0	3600.13	0.00539229
1550383536952642.0	3600.13	0.00345759
1550383539798269.0	3600.13	0.05315728
1550383547882985.0	3600.13	0.00110831
1550383549791771.2	3600.13	0.07893579
1550383551038067.0	3600.13	0.02259178
1550383555533183.0	3600.13	0.0091235
1550383555779391.0	3600.13	0.0348
1550383557253733.0	3600.13	0.00249024
1550383561660871.0	3600.12	1.63287564
1550383561664682.2	3600.12	0.04
1550383561673624.0	3600.12	5.57032808
1550383561674672.2	3600.12	0.00561092
1550383561675587.0	3600.12	5.0
1550383561676517.0	3600.12	0.0010352
1550383561678444.8	3600.12	0.32956838
1550383561690876.0	3600.12	0.010001
1550383561691986.8	3600.12	0.90862322
1550383561692921.2	3600.12	0.25351944
1550383561693800.0	3600.12	1.0
1550383561694724.0	3600.12	0.42655071
1550383561695600.0	3600.12	0.14963544
1550383561697798.0	3600.1	0.04
1550383561699698.0	3600.1	0.9030474
1550383561703530.0	3600.03	0.01
1550383561705209.0	3600.01	0.04
1550383561709016.0	3600.0	0.04
1550383561713332.0	3599.99	0.04
1550383561716407.0	3599.98	0.0225
1550383561718348.0	3599.98	0.04
1550383561720985.0	3599.95	0.27178155
1550383561723728.0	3599.85	0.008
1550383561725788.0	3599.85	0.1
1550383561728168.0	3599.84	8.2605361
1550383571019993.0	3599.85	0.02764135
1550383585879927.0	3599.85	0.00290504
1550383589681797.0	3599.84	0.00290504
1550383591183947.0	3599.85	0.02681427
1550383595503456.0	3599.84	0.00709496
1550383595504653.0	3599.01	0.02
1550383595506420.0	3599.0	0.040377
1550383596412715.0	3599.01	0.00269497
1550383603176583.0	3599.01	0.05445501
1550383607541303.8	3599.03	0.00291595
1550383607545508.0	3599.94	0.01
1550383607546408.0	3600.14	0.00063393
1550383613526774.0	3599.39	0.01658831
1550383624833984.0	3599.3	0.00649917
1550383626379856.0	3599.3	0.00290479
1550383628992468.8	3599.29	0.00290479
1550383631490949.0	3599.3	0.00552885
1550383633487590.0	3599.3	0.01410169
1550383637837633.0	3599.3	0.01188725
1550383651493467.0	3599.3	0.00456418
1550383657365244.8	3599.3	0.00774335
1550383659269019.0	3599.29	0.00709521
1550383659270395.0	3599.0	0.06271702
1550383661197975.0	3599.01	0.01327234
1550383661738364.0	3599.01	0.02738233
1550383665240476.8	3599.01	0.02658346
1550383669865718.8	3599.01	0.02958295
1550383671169680.0	3599.01	0.00296078
1550383672622817.0	3599.01	0.05316969
1550383675136705.2	3599.01	0.00110865
1550383680172892.0	3599.0	0.12032654
1550383680174288.0	3598.39	0.0306092
1550383680177976.0	3598.31	0.03350231
1550383681241068.0	3598.61	0.02
1550383681244965.0	3598.62	0.00658346
1550383682554335.0	3598.33	0.02770754
1550383685388313.0	3598.33	0.01576166
1550383688501265.0	3598.31	0.01576166
1550383689382233.0	3598.32	0.04
1550383689384156.0	3598.32	0.09372666
1550383693426956.0	3598.32	0.54478288
1550383696327157.0	3598.36	0.04
1550383696328999.0	3598.36	0.0417404
1550383699359739.0	3598.32	0.00249148
1550383701030488.0	3598.32	0.00415339
1550383709849561.0	3598.32	0.02848475
1550383715527768.8	3598.32	0.00249149
1550383721884454.0	3598.31	0.05400021
1550383723801817.0	3598.32	0.00237889
1550383723803899.0	3598.32	0.02421174
1550383727041401.0	3598.32	0.02880836
1550383727374828.8	3598.32	0.08446451
1550383730011111.0	3598.32	0.00511847
1550383731485436.0	3598.32	0.23932396
1550383734434588.2	3598.31	0.00199696
1550383757278006.0	3598.32	0.00916403
1550383769001490.0	3598.32	0.00861928
1550383771559682.2	3598.32	0.02207221
1550383772503894.8	3598.32	0.13623273
1550383774626606.0	3598.32	0.23932396
1550383778196691.0	3598.32	0.01327596
1550383780333171.2	3598.32	0.01327596
1550383781209987.0	3598.31	0.01327596
1550383790926706.0	3598.32	0.00110886
1550383795296508.0	3598.32	0.01327596
1550383797765759.0	3598.32	0.00276525
1550383803688500.0	3598.32	0.18
1550383813486666.0	3598.32	0.25
1550383814002180.0	3598.32	0.01189333
1550383816823276.0	3598.32	0.02682568
1550383823856573.0	3598.32	0.01189333
1550383830144384.0	3598.32	0.00256892
1550383833409391.0	3598.31	0.00256892
1550383840238674.0	3598.32	0.01051071
1550383842948610.0	3598.31	0.00279025
1550383846364743.0	3598.32	0.00719241
1550383847351060.8	3598.32	0.04701475
1550383847606374.0	3598.31	0.00900758
1550383858211784.0	3598.32	0.01382624
1550383861178135.0	3598.31	0.01382624
1550383866410725.0	3598.32	0.00719241
1550383870402343.0	3598.32	0.00249149
1550383870622984.0	3598.32	0.01161681
1550383872943350.0	3598.31	0.00249149
1550383885949521.0	3598.32	0.0065011
1550383887579693.0	3598.32	0.00401238
1550383909192613.0	3598.32	0.02659063
1550383919902166.2	3598.31	0.00414209
1550383922129139.0	3598.32	0.01327596
1550383925589438.2	3598.32	0.13295868
1550383926852115.2	3598.32	0.01189333
1550383927542974.0	3598.32	0.00221496
1550383928471140.2	3598.31	0.04663633
1550383928472261.0	3598.31	0.010001
1550383928473213.2	3598.31	0.07632135
1550383931185957.0	3598.32	0.00373585
1550383939121779.0	3598.32	0.01852993
1550383942142053.8	3598.32	0.02682568
1550383949651591.0	3598.32	0.0065011
1550383950954264.2	3598.32	0.00704032
1550383952905578.8	3598.32	0.01327596
1550383957650617.0	3598.32	0.01521163
1550383959940807.0	3598.32	0.00691312
1550383960414067.0	3598.32	0.08344715
1550383962917248.0	3598.31	0.03367865
1550383962918342.0	3596.8	0.00231633
1550383970313281.0	3596.8	0.01576468
1550383971008538.0	3596.8	0.02423532
1550383971015544.0	3596.8	0.0289487
1550383980901971.0	3596.8	0.2
1550383983633618.0	3596.8	0.0014442
1550383988827004.0	3596.8	0.00424962
1550383989283181.0	3596.79	0.00160875
1550383989284436.0	3596.52	0.02
1550383989287854.0	3596.5	0.02
1550383989288773.0	3596.5	0.02
1550383989290491.0	3596.33	0.00044529
1550383991900794.0	3596.34	0.01106843
1550384005683362.0	3596.33	0.34731301
1550384005686825.0	3596.3	0.02
1550384005688418.8	3596.29	0.00160875
1550384005690411.8	3596.29	0.028028
1550384005691975.0	3596.05	0.001
1550384005694524.0	3595.97	0.008
1550384005728698.0	3595.95	1.74993892
1550384013066486.8	3594.71	0.02527445
1550384020796934.0	3594.71	0.010001
1550384020800167.0	3594.71	0.00141434
1550384026494764.0	3594.71	0.02684044
1550384026639395.0	3594.71	0.00595402
1550384030225681.0	3594.7	0.00595402
1550384040611521.0	3594.71	0.0465831
1550384042426395.0	3594.71	0.00650763
1550384043759034.8	3594.71	0.10909619
1550384045551523.0	3594.71	0.05323743
1550384051211334.0	3594.71	0.02685261
1550384054973652.0	3594.71	0.00650763
1550384059227208.0	3594.71	0.00692283
1550384059727185.0	3594.71	0.01605732
1550384062002402.0	3594.71	0.01328929
1550384062305383.0	3594.71	0.00540042
1550384062551203.0	3594.71	0.04069274
1550384064052706.0	3594.71	0.01052126
1550384064538135.0	3594.71	0.00650763
1550384065852858.0	3594.71	0.99459958
1550384070000397.0	3594.71	0.00646057
1550384070233113.0	3594.7	0.01328929
1550384073621775.0	3594.71	0.0040164
1550384083997405.0	3594.71	0.00719963
1550384102578578.0	3594.71	0.00110998
1550384112792909.8	3594.71	0.04315155
1550384123093477.0	3594.71	0.06862458
1550384125199973.0	3594.71	0.00249399
1550384139387776.8	3594.71	0.02928017
1550384143908822.0	3594.71	0.02685261
1550384145556696.2	3594.7	0.13418288
1550384153861998.0	3594.71	0.00898708
1550384157031196.0	3594.71	0.01993255
1550384162236600.0	3594.71	0.07053759
1550384170018724.0	3594.71	0.015
1550384170261519.0	3594.71	0.00775324
1550384176290386.0	3594.71	0.3458244
1550384176291339.2	3594.71	0.04
1550384176292565.0	3594.71	0.70513193
1550384185445109.0	3594.71	0.02380779
1550384194184989.0	3594.71	0.00775324
1550384195557796.0	3594.71	0.10909619
1550384198624250.0	3594.7	0.008475
1550384204269516.0	3594.7	0.00307544
1550384205779922.0	3594.71	0.00775324
1550384213913408.0	3594.71	0.24668366
1550384218082158.0	3594.71	0.06914844
1550384221084799.0	3594.7	0.00161036
1550384221087661.0	3594.7	0.0289
1550384221088684.0	3594.02	0.03863808
1550384222941159.0	3594.31	0.0037396
1550384233124001.0	3594.01	0.00415204
1550384239717069.0	3594.0	0.28615995
1550384239718087.0	3594.0	0.01113032
1550384239719043.0	3594.0	0.00161036
1550384239719959.0	3594.0	0.02441832
1550384239721181.2	3593.98	0.00691534
1550384240617297.2	3593.98	0.00441614
1550384241370267.8	3593.97	0.0014295
1550384241371393.0	3593.86	0.00667568
1550384242340834.0	3593.97	0.25915149
1550384243334549.0	3593.85	0.22239467
1550384255875090.0	3593.86	0.00249458
1550384264772268.0	3593.86	0.00276868
1550384267881141.0	3593.85	0.00276868
1550384275019873.2	3593.86	0.00949286
1550384276581470.0	3593.86	0.01412304
1550384276807691.0	3593.86	0.03993544
1550384279410007.0	3593.85	0.03993544
1550384284419624.0	3593.86	0.00573947
1550384285767045.0	3593.86	0.00803194
1550384290367786.0	3593.86	0.00775507
1550384291820098.2	3593.86	0.00249448
1550384293831955.2	3593.86	0.01855293
1550384294624809.0	3593.85	0.00249448
1550384297809991.0	3593.86	0.02685897
1550384301621402.0	3593.86	0.0346085
1550384303380328.0	3593.85	0.3007308
1550384303381273.0	3593.85	0.010001
1550384303382750.0	3593.85	0.02
1550384303384456.2	3593.79	0.02
1550384303386476.0	3593.78	0.036
1550384303389861.8	3593.03	0.02715891
1550384304457809.0	3593.8	0.01301557
1550384307711285.0	3593.83	0.00650917
1550384332566856.2	3593.54	0.01329254
1550384335866250.0	3593.53	0.01329254
1550384345331523.0	3593.54	0.05455062
1550384345334313.2	3593.54	0.00650975
1550384346068539.2	3593.54	0.01855458
1550384346327548.0	3593.54	0.00567907
1550384350860774.0	3593.54	0.07988077
1550384362264792.0	3593.54	0.0222302
1550384362749693.8	3593.53	0.00470746
1550384362750951.0	3593.05	0.02
1550384362751962.0	3593.05	0.20606
1550384362754775.0	3593.04	0.001
1550384362756232.0	3593.03	0.31377076
1550384366909891.2	3593.2	0.010001
1550384366912602.0	3593.2	0.00329262
1550384379991176.8	3593.04	0.19534346
1550384379993289.0	3593.04	0.02564735
1550384387988403.8	3593.03	0.05594304
1550384388887765.0	3593.04	0.00692539
1550384389247079.0	3593.04	0.02929378
1550384389514593.0	3593.04	0.00131542
1550384393345717.0	3593.04	0.01329547
1550384398896970.0	3593.04	0.00249515
1550384407167819.0	3593.04	0.00484907
1550384411147702.0	3593.04	0.07323446
1550384419264361.0	3593.04	0.0412766
1550384421746134.0	3593.03	0.00312729
1550384421747060.0	3593.03	0.00582459
1550384425271331.0	3593.04	0.0268651
1550384427060126.0	3593.04	0.00775684
1550384427488062.0	3593.04	0.02769312
1550384432063598.2	3593.04	0.01329547
1550384433467727.0	3593.03	0.00100907
1550384436955383.0	3593.04	0.00111049
1550384447788857.0	3593.04	0.00651065
1550384447835135.0	3593.04	0.005126
1550384451727246.0	3593.04	0.00249515
1550384454746949.0	3593.04	0.0266297
1550384469385659.0	3593.04	0.11184697
1550384471822581.0	3593.03	0.80254
1550384473544005.2	3593.04	0.13315406
1550384475144732.0	3593.04	0.13998041
1550384477148044.8	3593.04	0.00249515
1550384479259833.0	3593.04	0.10914689
1550384481868385.0	3593.04	0.03595121
1550384487765409.0	3593.04	0.00374134
1550384490737769.0	3593.03	0.00374134
1550384499218502.0	3593.04	0.0091415
1550384500494796.0	3593.04	0.04287449
1550384511192367.0	3593.04	0.00711
1550384512343304.0	3593.04	0.00249515
1550384513708093.0	3593.04	0.00567986
1550384515237930.0	3593.04	0.11596771
1550384516618421.0	3593.04	0.00374134
1550384517347993.0	3593.03	0.00567986
1550384517786514.0	3593.06	0.06788296
1550384519125131.2	3593.07	0.16937112
1550384519712142.0	3593.07	0.68216462
1550384519973435.0	3593.07	0.00374134
1550384534685294.8	3593.07	0.00733585
1550384534888300.0	3593.07	0.06657703
1550384535796694.0	3593.06	0.00335655
1550384539603332.0	3593.07	0.01412614
1550384545275314.0	3593.07	0.00720292
1550384546805279.0	3593.07	0.5
1550384556004582.0	3593.07	0.01
1550384560944367.0	3593.07	0.06657647
1550384565628326.0	3593.54	0.00138741
1550384568095508.0	3593.53	0.00138741
1550384569852276.0	3593.54	0.05326173
1550384572660652.0	3593.53	0.00423102
1550384572661779.0	3593.53	0.04903071
1550384573598380.0	3593.53	1.95096929
1550384573599594.0	3593.53	0.01969996
1550384575643453.0	3593.54	0.00140403
1550384578817950.0	3593.54	0.02263321
1550384580304780.0	3593.54	0.01052469
1550384587375760.0	3593.54	0.0024948
1550384591522389.2	3593.54	0.07988077
1550384598028598.0	3593.54	0.00650975
1550384600887476.0	3593.53	0.00650975
1550384611141867.0	3593.54	0.039939
1550384612753331.0	3593.54	0.0058452
1550384625899269.8	3593.54	0.02963028
1550384641352306.2	3593.54	0.01190915
1550384643095782.0	3593.54	0.00775576
1550384650027765.0	3593.54	0.13368655
1550384659711576.0	3593.54	0.026626
1550384660729338.2	3593.54	0.03860991
1550384663436482.0	3593.53	0.00349025
1550384663437986.0	3593.53	0.010001
1550384663440512.0	3593.53	0.00277022
1550384663441877.8	3593.53	0.02234844
1550384672818843.0	3593.54	0.00276893
1550384676959910.0	3593.54	0.00747887
1550384678545082.0	3593.54	0.17839918
1550384707343789.0	3593.54	0.00775576
1550384710280361.0	3593.54	0.05857941
1550384712237769.0	3593.54	0.0112734
1550384713335765.0	3593.53	0.255159
1550384737528652.0	3593.53	0.19877513
1550384739703764.0	3593.54	0.03062156
1550384740498834.0	3593.54	0.01080158
1550384743453125.0	3593.54	0.01329362
1550384744430438.0	3593.53	0.05593526
1550384745422368.0	3593.54	0.00650975
1550384745616076.0	3593.53	0.03062156
1550384771370590.0	3593.53	0.18123303
1550384782403511.0	3593.54	0.05857941
1550384789263517.0	3593.54	0.01329362
1550384792254392.8	3593.54	0.0175
1550384793025075.0	3593.54	0.33400312
1550384793026156.0	3593.54	0.16599688
1550384794975089.0	3593.53	0.10347871
1550384796209750.0	3593.54	0.00681987
1550384797921761.0	3593.54	0.01045316
1550384803355565.0	3593.54	0.019
1550384804904629.0	3593.54	0.06656777
1550384807889459.0	3593.53	0.06656777
1550384809090053.8	3593.54	0.00512528
1550384810214143.0	3593.54	0.00512528
1550384815034437.0	3593.54	0.05671593
1550384824549615.2	3593.54	0.02215141
1550384829922863.0	3593.54	0.00540218
1550384841696713.0	3593.54	0.02183299
1550384846290588.2	3593.54	0.00484839
1550384849923872.0	3593.54	0.0024948
1550384857075638.0	3593.54	0.00512528
1550384857606897.0	3593.54	0.03184266
1550384858865084.0	3593.54	0.3
1550384860192343.0	3593.53	0.03184266
1550384865315456.2	3593.54	0.01357051
1550384866606461.0	3593.54	0.11050233
1550384868564223.0	3593.54	0.05325477
1550384871201627.0	3593.54	0.00775576
1550384876139294.8	3593.54	0.08184947
1550384885731972.0	3593.54	0.010001
1550384885733339.0	3593.54	0.01529315
1550384890612674.0	3593.54	0.00111034
1550384892710973.0	3593.54	0.35
1550384898357521.0	3593.54	0.05591571
1550384918601210.8	3593.86	0.1
1550384918602792.0	3593.86	0.90000064
1550384920062334.0	3593.85	0.00251407
1550384922223140.0	3594.69	0.00374049
1550384923466172.0	3594.37	0.008
1550384923468246.0	3594.69	0.02
1550384923469570.0	3594.7	0.05187365
1550384923909302.0	3594.7	0.01439991
1550384936422937.0	3593.86	0.01
1550384937587685.8	3593.87	0.01329243
1550384941247002.8	3593.87	0.00222048
1550384946332926.0	3593.86	0.14772543
1550384948678393.0	3593.86	0.00290987
1550384960130188.0	3593.86	0.04180153
1550384965807220.0	3593.86	0.27280359
1550384967509530.0	3593.86	0.0274127
1550384973389249.0	3593.85	0.01174536
1550384979406616.0	3593.86	0.06044859
1550384980385135.0	3593.86	0.00650917
1550384991969133.0	3593.86	0.09904399
1550385002084976.0	3593.86	0.13640142
1550385006092335.0	3593.86	0.02727981
1550385010670308.0	3593.86	0.01329243
1550385023161002.8	3593.85	0.18625464
1550385023162335.8	3593.85	0.03224817
1550385024486677.0	3593.86	0.00553736
1550385033228592.8	3593.86	0.00678603
1550385034986825.0	3593.86	0.00775507
1550385035277534.0	3593.86	0.07561265
1550385036888404.0	3593.85	0.06403617
1550385037771044.0	3593.86	0.025
1550385043635387.0	3593.86	0.002
1550385044875555.0	3593.86	0.00374049
1550385052425758.0	3594.7	0.11714839
1550385057667344.8	3594.7	0.10117311
1550385060412255.0	3594.7	0.002494
1550385074225860.8	3594.7	0.00276803
1550385074575315.0	3594.7	0.02768033
1550385086789160.0	3594.7	0.00457002
1550385091360993.8	3594.7	0.00775326
1550385095128910.0	3594.7	0.06654628
1550385105710138.0	3594.7	0.53390888
1550385114336222.2	3594.69	0.010001
1550385114337292.0	3594.69	0.00834564
1550385114338358.0	3594.69	0.00161036
1550385114339548.0	3594.69	0.08348983
1550385119722451.0	3594.7	0.00110998
1550385125704388.2	3594.7	0.00567724
1550385127389422.2	3594.7	0.01384017
1550385127627528.0	3594.7	0.04905675
1550385127629545.0	3594.7	0.2
1550385127631137.0	3594.7	0.02368309
1550385129920927.0	3594.7	0.00373961
1550385133908603.0	3594.7	0.01052129
1550385138863292.0	3594.7	0.02685269
1550385170550032.2	3594.7	0.01522695
1550385170596087.0	3594.7	0.00681767
1550385170997274.0	3594.7	0.002494
1550385190038229.0	3594.7	0.05323758
1550385194596552.0	3594.7	0.0029092
1550385195555000.0	3594.7	0.00110998
1550385197867275.0	3594.69	0.0029092
1550385200787190.0	3594.7	0.05589766
1550385211507093.0	3594.7	0.00678445
1550385213988234.0	3594.7	0.07985499
1550385214980512.0	3594.7	0.00373961
1550385241117487.0	3594.7	0.01328933
1550385246150160.0	3594.7	0.01190531
1550385249845248.0	3594.7	0.00401642
1550385253556099.0	3594.7	0.01328933
1550385263980878.8	3594.7	0.13867763
1550385272647683.0	3594.7	0.00194039
1550385273408596.0	3594.7	0.00706125
1550385281377716.0	3594.7	0.01328933
1550385284203192.0	3594.7	0.05323758
1550385285646975.0	3594.7	0.01328933
1550385294781231.2	3594.7	0.00318601
1550385295236194.8	3594.7	0.00692008
1550385295768730.2	3594.7	0.09545839
1550385300754803.0	3594.69	0.27874728
1550385305545337.0	3594.7	0.01854859
1550385317489030.0	3594.7	0.00373961
1550385318258022.0	3594.7	0.14257111
1550385326548434.0	3594.69	0.67100648
1550385328129726.0	3594.7	0.00650765
1550385331296765.0	3594.7	0.00110998
1550385336877655.0	3594.7	0.0058528
1550385346537747.2	3594.7	0.00650765
1550385347601666.0	3594.7	0.01328933
1550385350398960.8	3594.69	0.01328933
1550385353800354.0	3594.7	0.00512363
1550385356656430.0	3594.69	0.03112444
1550385370421465.0	3594.7	0.07985499
1550385371398103.0	3594.7	0.00373961
1550385374103998.0	3594.69	0.07985499
1550385375006488.0	3594.69	0.00373961
1550385375975628.0	3594.7	0.02063846
1550385381428132.0	3594.7	0.00996769
1550385386886052.0	3594.7	0.04125753
1550385391853824.2	3594.7	0.12616972
1550385393833746.2	3594.7	0.01190531
1550385406285838.2	3594.7	0.01578056
1550385430156936.0	3594.69	0.10088732
1550385434585696.0	3594.7	0.01328656
1550385437346633.0	3594.7	0.00540043
1550385438309821.2	3594.7	0.00138402
1550385441259889.2	3594.7	0.03992611
1550385456219217.0	3594.7	0.02661741
1550385497158371.2	3594.7	0.02526087
1550385497160273.0	3594.7	0.010001
1550385497163076.0	3594.7	0.00599566
1550385508379821.0	3594.7	0.02928025
1550385524784476.0	3594.69	0.01328933
1550385545116312.0	3594.69	0.39757134
1550385548233052.0	3594.7	0.04152327
1550385549016227.0	3594.7	0.09050084
1550385549294338.0	3594.7	0.002494
1550385551498669.8	3594.69	0.04152327
1550385568742277.0	3594.7	0.01439654
1550385577880740.0	3594.7	0.00491251
1550385579338183.0	3594.7	0.0070834
1550385601498084.0	3594.7	0.03061168
1550385606953846.0	3594.7	0.06574632
1550385613350608.0	3594.7	0.01052129
1550385616086190.0	3594.69	0.01052129
1550385617631592.0	3594.7	0.00775326
1550385627845983.0	3594.7	0.01716457
1550385632295277.0	3594.7	0.04715344
1550385633782178.0	3594.7	0.10157851
1550385657669098.2	3594.7	0.00567724
1550385666209628.8	3594.7	0.07985499
1550385666562186.0	3594.7	0.00491251
1550385667131746.0	3594.7	0.02685269
1550385682260071.0	3594.7	0.03460318
1550385687519166.0	3594.7	0.1064724
1550385687604846.0	3594.7	0.0136381
1550385688674151.0	3594.7	0.07985499
1550385690033953.0	3594.69	0.1064724
1550385691729928.0	3594.69	0.07985499
1550385693909149.0	3594.7	0.06388344
1550385714178159.0	3594.7	0.01328933
1550385715303008.0	3594.7	0.02773552
1550385723042592.0	3594.7	0.02661741
1550385726981757.0	3594.7	0.00373961
1550385732403678.0	3594.69	0.0241
1550385741856745.0	3594.7	0.00512363
1550385744119706.2	3594.7	0.01439654
1550385749261464.0	3594.7	0.00590421
1550385751482607.2	3594.7	0.00248016
1550385754556500.0	3594.7	0.01052129
1550385754826475.8	3594.69	0.00248016
1550385763780893.0	3594.7	0.00138402
1550385768516557.0	3594.7	0.01520756
1550385771118076.0	3594.7	0.01113303
1550385771531086.0	3594.69	0.01520756
1550385773771710.8	3594.7	0.00678445
1550385778565550.0	3594.7	0.02768033
1550385781628131.2	3594.7	0.76410891
1550385786523303.0	3594.7	0.01083253
1550385786524515.2	3594.7	0.02909358
1550385795105098.0	3594.7	0.07453206
1550385798435457.0	3594.7	0.00373961
1550385798947401.0	3594.7	0.01052129
1550385799261533.0	3594.7	0.01439654
1550385802028666.0	3594.7	0.02661741
1550385804822721.0	3594.7	0.02661741
1550385825149914.0	3594.7	0.00110998
1550385831524657.0	3594.7	0.00775326
1550385839442677.0	3594.7	0.00267066
1550385839934964.2	3594.7	0.00165805
1550385840436967.8	3594.7	0.00775326
1550385858944105.2	3594.7	0.02685269
1550385868874770.0	3594.7	0.01052129
1550385869118709.0	3594.69	0.1995
1550385870961105.0	3594.7	0.02768033
1550385870973921.0	3594.7	0.00269883
1550385871155289.2	3594.7	0.00269883
1550385884378786.8	3594.7	0.00830687
1550385889280448.0	3594.7	0.05536066
1550385889717728.8	3594.7	0.02661741
1550385891557581.0	3594.7	0.00248016
1550385896353265.0	3594.7	0.19091678
1550385900229789.0	3594.69	1.25220516
1550385903822859.0	3594.7	0.02209444
1550385906478442.0	3594.69	0.02209444
1550385914751386.0	3594.7	0.01520756
1550385931659195.0	3594.7	0.00150304
1550385931765394.0	3594.69	0.03360502
1550385942660908.0	3594.7	0.00293412
1550385945744652.0	3594.7	0.02661741
1550385952694325.0	3594.7	0.00553607
1550385962127378.0	3594.7	0.00512363
1550385962441499.0	3594.7	0.13974692
1550385970748036.0	3594.7	0.34603736
1550385978424337.0	3594.7	0.07985499
1550385984770697.0	3594.7	0.1064724
1550385990278381.0	3594.7	0.01052129
1550386007370867.0	3594.7	0.0226259
1550386014051384.0	3594.69	0.01144066
1550386025360993.8	3594.7	0.002494
1550386027907124.0	3594.69	0.002494
1550386028899246.0	3594.7	0.02009301
1550386031374753.0	3594.7	0.04778289
1550386031375759.0	3594.7	0.00302713
1550386040285719.0	3594.69	0.07664292
1550386041357638.0	3594.7	0.01391479
1550386045076232.0	3594.7	0.03992611
1550386060583132.0	3594.7	0.02727343
1550386076139654.0	3594.69	0.00764947
1550386077492698.0	3594.7	0.02661741
1550386083459810.0	3594.7	0.01328933
1550386083693426.0	3594.7	0.0083041
1550386086864477.0	3594.7	0.00512363
1550386088090926.0	3594.7	0.00662944
1550386090373862.0	3594.7	0.00567724
1550386099360579.0	3594.71	0.002494
1550386100075096.2	3594.71	0.057006
1550386100077192.0	3594.71	0.442994
1550386101362445.0	3594.79	0.00623084
1550386102143449.0	3594.78	0.002494
1550386105433368.0	3594.79	0.00176916
1550386105435582.0	3594.8	0.0115392
1550386106744173.0	3594.8	0.06920636
1550386109539188.2	3594.79	0.01330836
1550386115440542.0	3594.8	0.00249394
1550386117007875.0	3594.8	0.00178106
1550386119308579.0	3594.79	0.00249394
1550386120378446.0	3594.8	0.05453153
1550386132241964.0	3594.8	0.06027943
1550386133863953.8	3594.8	0.00249393
1550386136414038.2	3594.79	0.00249393
1550386143838972.0	3594.8	0.00595387
1550386151184215.0	3594.8	0.02927944
1550386160899778.0	3594.8	0.09810792
1550386162669175.8	3594.8	0.00719945
1550386163902866.2	3594.79	0.00028787
1550386163904982.0	3594.79	0.0257
1550386163907441.0	3594.79	0.00161036
1550386163909716.2	3594.79	0.07050969
1550386166884293.0	3594.8	0.02528528
1550386180610791.0	3594.8	0.01190498
1550386183447875.0	3594.8	0.00775305
1550386186245374.0	3594.8	0.00692266
1550386194659774.0	3594.79	0.76453627
1550386194662253.8	3594.79	0.15257907
1550386194666816.0	3594.79	0.54975869
1550386194668495.0	3594.79	0.010001
1550386194669659.8	3594.79	0.28458832
1550386194670683.0	3594.79	1.0
1550386194672509.0	3594.79	0.1
1550386194674821.2	3594.79	0.0257
1550386194677038.2	3594.79	0.24853765
1550386194678556.0	3594.78	0.02
1550386194681838.0	3594.7	0.09395709
1550386194683125.0	3594.7	0.008
1550386194685064.0	3594.7	0.0011113
1550386194687219.0	3594.69	1.59140765
1550386199186465.0	3594.7	0.01190498
1550386204172080.0	3594.7	0.010521
1550386209406907.0	3594.7	0.00803006
1550386211537824.0	3594.7	0.03801883
1550386218748561.8	3594.7	0.13636613
1550386222156283.0	3594.7	0.02048621
1550386223082126.0	3594.7	0.02685269
1550386228087599.0	3594.7	0.00165805
1550386229065777.0	3594.7	0.0113517
1550386234484730.0	3594.7	0.028
1550386240482981.0	3594.79	0.01173982
1550386242283377.0	3594.8	0.08278357
1550386243574291.0	3594.8	0.01328933
1550386248499104.0	3594.8	0.01028136
1550386251672117.0	3594.8	0.05535912
1550386253090230.0	3594.8	0.00249393
1550386264249529.0	3594.8	0.00290912
1550386267239082.0	3594.79	0.01587314
1550386275288309.0	3594.8	0.00830687
1550386277093511.8	3594.8	0.10646943
1550386278074294.8	3594.79	0.00830687
1550386288259030.0	3594.8	0.53236474
1550386290327061.0	3594.8	0.00373951
1550386293188002.8	3594.8	0.02102816
1550386299211282.0	3594.79	0.00151999
1550386299212479.0	3594.79	0.00546947
1550386315241263.2	3594.8	0.010001
1550386315242645.0	3594.98	0.02
1550386315245603.8	3594.99	0.0293525
1550386317901811.0	3594.99	0.0545315
1550386318234800.0	3594.98	0.0593535
1550386333410278.8	3594.99	0.03992289
1550386337725718.0	3594.98	0.03992289
1550386348166224.0	3594.99	0.08059311
1550386348169766.0	3595.0	0.00161036
1550386348170722.0	3595.0	0.018
1550386348174318.0	3595.03	0.018
1550386348175196.2	3595.69	0.00161036
1550386348176075.0	3595.7	0.00161036
1550386348178395.0	3595.79	0.00161036
1550386348180580.2	3595.79	0.008
1550386348182966.0	3595.79	0.02
1550386348183817.0	3595.8	0.24814474
1550386351156076.0	3595.8	0.01190435
1550386351413951.0	3595.8	0.00636873
1550386354915063.2	3595.8	0.06654092
1550386358432700.0	3595.8	0.02634361
1550386368077379.0	3595.8	0.0019398
1550386368150017.0	3595.8	0.0083062
1550386368797032.0	3595.8	0.02660926
1550386369309355.0	3595.8	0.0138387
1550386373079257.0	3595.79	0.02660926
1550386378577406.2	3595.8	0.00512206
1550386384198251.0	3595.8	0.06095394
1550386389183165.0	3595.8	0.00830433
1550386390093011.0	3595.8	0.0138387
1550386391602273.0	3595.8	0.00401519
1550386399025350.0	3596.01	0.001
1550386399026486.8	3596.27	0.02
1550386399029924.0	3596.28	0.00906825
1550386399337628.0	3596.28	0.00775089
1550386403731405.0	3596.28	0.00118086
1550386403733388.2	3596.78	0.02
1550386403736842.8	3596.79	0.02
1550386403741669.0	3596.8	0.01204044
1550386405413475.0	3596.79	0.00419251
1550386407903051.8	3596.8	0.1363282
1550386411654839.0	3596.8	1.0
1550386413017706.2	3596.8	0.02128227
1550386413259788.0	3596.79	0.0065087
1550386423668044.8	3596.8	0.00512064
1550386431631225.0	3596.8	0.01632917
1550386446145210.0	3596.8	0.01577134
1550386453200857.0	3596.8	0.26271552
1550386458169862.0	3596.8	0.00373743
1550386460656038.0	3596.79	0.00373743
1550386465320618.0	3596.8	0.0723584
1550386465851761.8	3596.8	0.02660187
1550386465900842.0	3596.8	0.00512064
1550386467998312.0	3596.79	0.0723584
1550386468071789.0	3596.8	0.55438666
1550386468984872.0	3596.79	0.02660187
1550386471510156.2	3596.8	0.01051515
1550386477309594.0	3596.8	0.01577134
1550386481224449.0	3596.8	0.01328157
1550386484786807.0	3596.8	1.977008
1550386484787747.2	3596.82	0.01
1550386484789301.0	3596.9	0.02
1550386484790236.0	3597.29	0.00160875
1550386484791909.0	3597.79	0.00160875
1550386484794862.0	3598.0	0.002
1550386484795918.0	3598.32	0.2
1550386484801313.2	3598.32	0.00498685
1550386484802196.0	3598.32	0.0095
1550386484803087.0	3598.32	0.0105
1550386484803974.0	3598.32	0.1
1550386484804858.0	3598.43	0.66278765
1550386487828670.0	3596.8	0.00609165
1550386496065392.0	3596.8	0.00263086
1550386496595248.0	3596.8	0.08177529
1550386498026974.0	3596.8	0.06896401
1550386498319713.0	3596.8	0.83273866
1550386503094435.0	3596.8	0.00276642
1550386516309632.0	3596.8	0.02793251
1550386519139011.0	3596.8	0.00650385
1550386521962906.0	3596.79	0.00650385
1550386539284828.0	3596.8	0.01438813
1550386548712319.0	3596.79	0.00349715
1550386548716748.0	3596.79	0.002
1550386548718265.0	3596.79	0.00841764
1550386555229374.0	3596.8	0.07980836
1550386557913330.0	3596.79	0.07980836
1550386560985799.0	3596.8	0.06650743
1550386566545044.0	3596.8	0.10903279
1550386573714270.0	3596.8	0.0029075
1550386581566100.0	3596.8	0.10041055
1550386582493926.0	3596.8	0.10837718
1550386584745211.8	3596.8	0.01
1550386585084287.0	3596.8	0.00401407
1550386586963828.8	3596.8	0.08177529
1550386589733480.0	3596.8	0.0532065
1550386592559003.0	3596.79	0.07938681
1550386595897776.0	3596.79	0.00111204
1550386598951656.0	3596.8	0.00533623
1550386600972592.0	3596.8	0.06916043
1550386601769636.8	3596.8	0.00146391
1550386601823143.0	3596.8	0.21282046
1550386604404994.0	3596.79	0.21282046
1550386607059030.0	3596.8	0.027
1550386609517216.0	3596.8	0.01383485
1550386611880148.0	3596.8	0.12942129
1550386654779060.0	3596.8	0.00373743
1550386656643283.0	3596.8	0.00913194
1550386657404573.0	3596.79	0.00373743
1550386662681277.0	3596.8	0.06814515
1550386673318590.0	3596.8	0.01328157
1550386674587179.0	3596.8	0.01328157
1550386678347209.0	3596.79	0.01328157
1550386679881581.0	3596.8	0.21282046
1550386686680280.0	3596.8	0.2725806
1550386691333493.0	3596.8	0.04123345
1550386693726083.0	3596.79	0.00279143
1550386704221920.0	3596.8	0.010001
1550386704226564.2	3596.8	0.52205292
1550386708668633.0	3596.8	0.09540266
1550386712742750.0	3596.8	0.00346079
1550386720396268.8	3596.79	0.03410179
1550386726146714.0	3596.8	0.00274152
1550386731427158.0	3596.8	0.02926316
1550386732493238.0	3596.8	0.00650385
1550386736171030.0	3596.8	0.01328157
1550386741076285.0	3596.79	0.01328157
1550386742203802.8	3596.8	0.00650385
1550386745165157.0	3596.8	0.03513626
1550386750169717.0	3596.8	0.00774873
1550386760285861.0	3596.8	0.01438813
1550386762395670.0	3596.8	0.02660187
1550386763519378.0	3596.79	0.09540053
1550386767854560.8	3596.8	0.00553283
1550386771457128.0	3596.8	0.02101647
1550386776071972.2	3596.8	0.0094851
1550386780229566.0	3596.8	0.0237
1550386799676445.0	3596.8	0.01328157
1550386812169965.0	3596.8	0.00249254
1550386816772853.8	3596.8	0.2725806
1550386819826959.0	3596.8	0.02128205
1550386821306478.0	3596.79	0.0025992
1550386822376047.2	3596.79	0.02128205
1550386824201985.8	3596.79	0.05616957
1550386825168082.0	3596.8	0.05450118
1550386826209730.2	3596.8	0.01051515
1550386828278337.0	3596.8	0.13093175
1550386829183194.0	3596.8	0.02766694
1550386837542947.0	3596.79	0.36427891
1550386838540211.0	3596.8	0.0769
1550386844439250.0	3596.79	0.03004414
1550386846508248.0	3596.79	0.03676645
1550386861948727.8	3596.8	0.02794081
1550386864806417.0	3596.79	0.02794081
1550386865739107.2	3596.8	0.01577134
1550386865740497.0	3596.8	0.00691881
1550386869348492.8	3596.79	0.0132935
1550386871681176.0	3596.8	0.00678049
1550386884111795.0	3596.8	0.00146391
1550386886952093.0	3596.8	0.00373743
1550386887477824.0	3596.8	0.1362903
1550386891976245.0	3596.8	0.02660187
1550386897097914.0	3596.8	0.04749661
1550386905039520.0	3596.8	0.01328157
1550386908217590.0	3596.8	0.03609711
1550386913702280.0	3596.8	0.00110933
1550386916528782.2	3596.79	0.00110933
1550386920523958.0	3596.79	0.01799391
1550386927304846.0	3596.8	0.02683701
1550386931688727.0	3596.8	0.05532834
1550386934194301.0	3596.79	0.05532834
1550386936855001.0	3596.8	0.01051515
1550386937126185.0	3596.79	0.0088806
1550386937607624.0	3596.8	0.06706072
1550386940602768.0	3596.8	0.07448854
1550386940823964.0	3596.8	0.01260933
1550386941040702.8	3596.8	0.00857866
1550386950239505.0	3596.8	0.00545261
1550386951263363.0	3596.8	0.02683701
1550386957747326.0	3596.8	0.0931093
1550386959665157.0	3596.8	0.68145151
1550386960342189.0	3596.79	0.0931093
1550386969750181.0	3596.8	0.00830202
1550386971364819.0	3596.8	0.17036149
1550386976768318.0	3596.79	1.0
1550386980330074.0	3596.79	0.09528317
1550386995761247.2	3596.8	0.32412618
1550386995763342.8	3596.8	0.00842204
1550386999490788.0	3596.8	0.04362916
1550387012722255.0	3596.8	0.1519868
1550387013127606.2	3596.8	0.06269254
1550387019517440.0	3596.8	0.0254538
1550387020044937.0	3596.8	0.021
1550387026915989.2	3596.8	0.00650385
1550387031258859.8	3596.8	0.01577134
1550387039426310.0	3596.8	0.00650385
1550387044831213.0	3596.8	0.01162172
1550387058250955.0	3596.8	0.00830202
1550387058975003.0	3596.8	0.01328157
1550387063448646.0	3596.8	0.01189836
1550387063957629.0	3596.8	0.00650385
1550387064019056.0	3596.8	0.01328157
1550387064750183.0	3596.8	0.00681369
1550387065012860.0	3596.8	0.00681369
1550387066502705.0	3596.8	0.02234712
1550387068025650.0	3596.79	0.00650385
1550387069855800.0	3596.79	0.02234712
1550387074926863.2	3596.8	0.01978265
1550387081638998.0	3596.8	0.13301486
1550387083140741.0	3596.8	0.0723584
1550387084499808.0	3596.79	0.13301486
1550387089863898.0	3596.8	0.02234712
1550387092218559.0	3596.79	0.03213362
1550387093103195.0	3596.79	0.02234712
1550387100928815.2	3596.79	0.06807578
1550387106573248.2	3596.8	0.0055338
1550387106784338.0	3596.79	0.10218681
1550387114213815.0	3596.8	0.02660187
1550387116275266.0	3596.8	0.00405206
1550387119334165.0	3596.79	0.00405206
1550387133465434.0	3596.8	0.00138597
1550387146686435.0	3596.8	0.00774873
1550387148803360.0	3596.8	0.0501
1550387155384174.0	3596.8	0.0088553
1550387156404765.2	3596.8	0.02766417
1550387157937566.0	3596.8	0.01051515
1550387160684941.0	3596.79	0.01051515
1550387161846778.8	3596.8	0.01328157
1550387166909745.0	3596.8	0.02234712
1550387167438121.0	3596.8	0.07980836
1550387168183711.0	3596.8	0.00249254
1550387169624455.0	3596.79	0.02234712
1550387170482166.0	3596.79	0.07980836
1550387172334844.8	3596.8	0.00193926
1550387172895213.2	3596.8	0.07980836
1550387177894372.0	3596.8	0.00650385
1550387180717867.0	3596.8	0.02633629
1550387183407857.0	3596.79	0.02633629
1550387190280446.0	3596.79	0.01397114
1550387197573527.8	3596.8	0.05450118
1550387199589061.0	3596.8	0.02660187
1550387200769767.0	3596.8	0.01328157
1550387202778666.0	3596.8	0.02873201
1550387205100518.0	3596.8	0.01688067
1550387207672911.0	3596.8	0.00830202
1550387208203240.2	3596.8	1.99043428
1550387208204491.0	3596.8	1.00956572
1550387210033723.0	3596.79	1.06317064
1550387215068527.0	3596.8	0.01051515
1550387215905272.0	3596.8	0.11386019
1550387216415561.0	3596.8	0.07124393
1550387217204199.0	3596.8	0.07980836
1550387220187323.0	3596.8	0.0088553
1550387222693836.0	3596.8	0.00369593
1550387228492443.0	3596.8	0.00774873
1550387229335349.0	3596.8	0.02960343
1550387237136193.0	3596.8	0.00830202
1550387242213215.0	3596.8	0.03325233
1550387243710941.0	3596.8	0.19260349
1550387246384380.0	3596.8	0.02660187
1550387247547889.0	3596.79	0.06906897
1550387248623834.0	3596.8	0.03419654
1550387252719336.0	3596.8	0.01992097
1550387255784902.8	3596.79	0.01992097
1550387266668638.0	3596.8	0.00110933
1550387270480390.0	3596.79	0.09721119
1550387273527667.0	3596.8	0.0399028
1550387280110703.0	3596.8	0.00691604
1550387285522809.0	3596.8	0.0532065
1550387297351727.0	3596.8	0.01853776
1550387301147522.0	3596.8	0.01438813
1550387303622722.2	3596.8	0.00996187
1550387304878481.2	3596.8	0.00299226
1550387307831884.0	3596.79	0.00299226
1550387321651963.0	3596.8	0.01383209
1550387321876788.2	3596.8	0.00650385
1550387322087846.0	3596.8	0.08299251
1550387339690053.0	3596.8	0.01438813
1550387340697360.0	3596.8	0.01577134
1550387348363260.0	3596.8	0.02261269
1550387348571910.8	3596.8	0.02241074
1550387355481549.0	3596.8	0.01577134
1550387362263773.0	3596.8	0.01304975
1550387362265464.0	3596.8	0.81853024
1550387372835145.0	3596.8	0.00138321
1550387375329948.0	3596.8	0.00691881
1550387379802203.0	3596.79	0.12769622
1550387379967981.0	3596.79	0.0630072
1550387382128376.0	3596.8	0.02261269
1550387387441883.0	3596.8	0.08177529
1550387388891309.0	3596.8	0.00595056
1550387389149305.0	3596.8	0.00429071
1550387397430227.0	3596.8	0.02766417
1550387408633492.0	3596.8	1.38310588
1550387414546414.2	3596.8	0.00189776
1550387424086984.8	3596.8	0.01051515
1550387426202506.0	3596.8	0.22133549
1550387426835402.0	3596.79	0.01051515
1550387429252802.0	3596.8	0.00650385
1550387431792953.0	3596.8	0.01715455
1550387434851935.8	3596.8	0.01268126
1550387442889778.0	3596.79	0.002906
1550387449987433.0	3596.8	0.00249254
1550387455435025.0	3596.8	0.01355821
1550387458228271.0	3596.8	0.00249254
1550387460833256.0	3596.79	0.00249254
1550387466121065.2	3596.8	0.04559604
1550387483828684.0	3596.8	0.0022159
1550387489960173.2	3596.8	0.01577134
1550387497538381.0	3596.8	0.0065
1550387508654533.0	3596.8	0.03375305
1550387511745734.0	3596.8	0.33
1550387519464988.0	3596.8	0.5
1550387521066695.0	3596.8	0.04149902
1550387543498873.0	3596.8	0.05543866
1550387544756952.0	3596.8	0.00512064
1550387549855540.0	3596.79	0.00160875
1550387549858985.0	3596.79	0.01150736
1550387552369511.8	3596.79	0.01329232
1550387555169335.8	3596.8	0.02683701
1550387556044986.0	3596.8	0.09018243
1550387562170231.0	3596.8	0.0532065
1550387576724149.0	3596.8	0.00249254
1550387587565198.0	3596.8	0.00249254
1550387590909294.0	3596.8	0.00553283
